3467 5350
1347 540 1786 607 ,71-

399 737 737 784 concessa
800 727 906 783 est
965 715 1377 805 plerumque
1439 713 1833 783 hominibus
1882 714 2315 784 nobilissimo
2363 717 2520 785 loco
2570 718 2747 788 natis

398 823 508 891 vel
557 822 843 911 regibus
891 821 1473 911 principibusque,
1531 821 1648 909 qui
1696 820 1766 889 in
1815 820 2291 890 Romanorum
2343 846 2589 892 manus
2640 848 2746 894 ve·

399 935 734 1014 nerunt1).
832 929 1034 1015 Quae
1100 928 1319 1018 qualis
1387 929 1604 1011 fuerit,
1665 928 1922 1018 optime
1984 952 2114 999 nos
2165 930 2370 999 docet
2416 931 2745 1017 Livius2),

397 1036 511 1104 ubi
577 1036 720 1124 agit
777 1037 865 1104 de
929 1036 1146 1104 Dasio
1194 1034 1455 1104 Altinio
1496 1035 1789 1125 Arpin0,
1858 1036 1976 1124 qui
2039 1037 2126 1105 ad
2174 1036 2535 1107 Romanos
2594 1062 2746 1129 pro-

395 1142 688 1232 fugiens,
754 1143 810 1212 si
874 1143 1002 1212 sibi
1065 1142 1375 1232 praemio
1438 1143 1635 1224 foret,
1703 1166 1783 1212 se
1843 1145 2084 1234 Arpos
2131 1145 2466 1215 Romanis
2523 1148 2746 1237 prodi-

396 1264 625 1320 turum
685 1274 845 1320 esse
892 1250 1232 1340 pollicitus
1295 1261 1419 1318 est.
1515 1250 1812 1336 QuibuS,
1882 1275 2037 1320 cum
2103 1275 2345 1342 parum
2409 1253 2469 1322 ei
2535 1255 2743 1324 fidem

396 1360 750 1442 haberent,
815 1357 1067 1448 placuit
1121 1358 1336 1427 libera
1398 1358 1712 1426 custodia
1779 1359 1964 1427 haud
2013 1360 2255 1447 procul
2302 1384 2341 1428 a
2389 1361 2631 1431 castris
2678 1363 2742 1430 in

396 1466 622 1555 aliqua
686 1465 825 1534 fida
891 1465 1167 1534 civitate
1215 1488 1370 1533 eum
1420 1466 1690 1534 servari
1738 1488 1863 1555 per
1911 1466 2068 1535 belli
2115 1478 2408 1557 tempus.
2503 1469 2744 1558 Itaque

397 1573 673 1642 Calenis
742 1573 988 1662 legatis
1054 1573 1346 1641 traditus
1414 1585 1481 1640 et
1550 1573 1698 1662 ipse
1763 1585 1831 1641 et
1891 1573 2198 1657 comites,
2266 1586 2334 1642 et
2380 1575 2530 1644 auri
2575 1576 2744 1646 satis

396 1703 727 1769 magnum
797 1681 1095 1770 pondus,
1165 1680 1357 1768 quod
1422 1703 1662 1749 secum
1726 1693 1872 1749 tum
1941 1681 2278 1765 attulerat,
2346 1684 2408 1751 ei
2476 1685 2743 1752 servari

393 1790 678 1858 iussum.
775 1789 1060 1857 Calibus
1094 1812 1252 1857 eum
1288 1789 1581 1857 interdiu
1630 1789 1935 1859 solutum
1982 1791 2313 1858 custodes
2361 1792 2741 1880 sequeban-

396 1909 522 1978 tur,
576 1909 778 1965 nocte
823 1896 1133 1965 clausum
1182 1896 1670 1965 adservabant.
1769 1896 2095 1964 Mandata
2144 1909 2250 1966 est
2296 1899 2469 1965 haec
2521 1909 2743 1967 custo·

395 2004 504 2072 dia
566 2005 779 2072 libera
827 2004 1344 2093 magistratibus
1393 2004 1505 2073 vel
1555 2005 1968 2087 hominibuS,
2042 2005 2158 2094 qui
2207 2004 2543 2073 nobiliore
2590 2004 2742 2074 loco

393 2112 530 2179 nati
580 2110 769 2201 digni
819 2122 1017 2180 erant
1065 2111 1221 2179 fide.
1317 2111 1393 2178 In
1463 2111 1813 2194 aedificiis,
1886 2135 2068 2200 quae
2129 2111 2258 2202 ipsi
2316 2112 2736 2196 habitabant,

392 2220 854 2288 asservabant
916 2220 1253 2309 captivos.
1345 2218 1493 2288 Sed
1558 2220 1719 2308 quia
1781 2232 2024 2310 captus
2083 2219 2150 2288 in
2199 2219 2333 2288 hoc
2383 2219 2743 2290 custodiae

394 2348 621 2414 genus
685 2326 938 2395 missus
1002 2350 1230 2415 neque
1278 2326 1552 2395 vinctus
1615 2350 1845 2415 neque
1894 2349 2174 2395 carcere
2220 2326 2524 2395 inclusus
2573 2338 2738 2409 erat,

391 2432 688 2502 Romani
733 2434 1124 2502 liberam
1175 2434 1409 2501 dicunt
1459 2434 2013 2517 custodiam,
2074 2457 2282 2522 quam
2332 2434 2586 2505 Graeci
2632 2460 2740 2524 φο-

390 2543 579 2628 λακὴν
628 2545 877 2627 ἄδεσμον
929 2541 1037 2608 vel
1085 2544 1403 2631 ἐλευθέραν
1451 2552 1709 2609 Vocant
1728 2544 1797 2626 3).

522 2697 525 2701 ·
603 2666 1026 2758 Saepissime
1061 2666 1311 2758 captivi
1358 2689 1486 2755 per
1532 2667 1883 2736 sociorum
1918 2665 2138 2737 Latini
2186 2666 2480 2736 nominis
2529 2667 2742 2737 urbes

390 2776 452 2844 in
507 2775 857 2843 custodias
908 2775 1044 2843 dati
1092 2780 1344 2859 sunt4).
1438 2775 1678 2862 Atque
1719 2776 1906 2842 haud
1938 2775 2413 2865 imprudenter
2445 2775 2741 2844 Romani

392 2883 525 2951 hoc
558 2884 887 2951 fecerunt.
974 2883 1151 2952 Nam
1186 2881 1483 2973 primurn
1518 2882 2041 2972 impediebatur,
2080 2882 2449 2970 quominus
2483 2904 2740 2971 magna

393 2991 846 3080 captivorum,
921 2990 1036 3080 qui
1068 2990 1265 3058 facile
1298 2991 1636 3058 rebellare
1683 3001 2025 3079 poterant,
2096 2989 2523 3057 multitudine
2570 2990 2739 3058 urbs

391 3110 840 3186 premeretur.
938 3098 1210 3166 Deinde
1255 3097 1434 3165 inter
1475 3098 1781 3179 Latinos,
1834 3095 2272 3165 fidelissimos
2322 3096 2558 3187 populi
2603 3097 2738 3166 Ro·

391 3206 570 3273 mani
598 3206 849 3289 socios,
901 3205 1100 3273 divisi
1149 3205 1456 3295 periculo
1504 3204 1601 3272 rei
1651 3203 1964 3294 publicae
2011 3203 2159 3271 fieri
2209 3226 2345 3271 non
2392 3215 2734 3293 poterant.

389 3311 534 3382 Sed
601 3313 801 3381 etiam
852 3313 1079 3381 Roma
1140 3312 1290 3402 ipsa
1353 3335 1523 3381 sane
1585 3312 1861 3380 fuerunt
1923 3311 2173 3402 captivi
2219 3311 2286 3379 in
2336 3311 2735 3402 custodia5).

390 3418 575 3489 Satis
638 3420 752 3487 diu
814 3442 968 3487 cum
1020 3419 1082 3487 in
1134 3442 1275 3508 quo
1325 3419 1585 3510 oppido
1635 3418 1942 3501 fuissent,
2013 3418 2083 3486 in
2132 3420 2417 3487 alterum
2471 3420 2737 3488 traduci

606 3637 649 3704 ¹)
687 3636 836 3691 Vell.
874 3637 1103 3692 Patere.
1146 3655 1193 3706 1,
1235 3654 1318 3707 11,
1362 3655 1408 3692 1.
1472 3670 1527 3678 —
1592 3636 1634 3707 ²)
1674 3654 1763 3707 24,
1800 3653 1888 3709 45,
1924 3638 1976 3691 8.

605 3743 646 3814 ⁸)
686 3744 857 3800 Diod.
898 3744 1004 3816 frg.
1043 3763 1131 3816 31,
1169 3748 1219 3815 8,
1260 3762 1320 3814 2;
1359 3763 1448 3816 31,
1485 3747 1537 3815 8,
1575 3762 1636 3815 3;
1675 3762 1762 3816 27,
1802 3746 1856 3814 6,
1898 3762 1958 3814 15
2012 3743 2176 3799 CaSS.
2216 3743 2346 3799 Dio.
2383 3745 2471 3815 68,
2514 3762 2608 3815 123
2646 3747 2734 3816 36,

383 3852 473 3907 53,
509 3852 545 3906 3
558 3853 574 3904 ;
611 3835 719 3906 frg.
748 3853 835 3904 20,
871 3835 958 3905 66,
999 3853 1033 3905 4
1046 3853 1062 3905 ;
1102 3835 1245 3889 Zon.
1265 3853 1318 3905 9,
1355 3852 1443 3906 30,
1479 3853 1545 3905 9:
1583 3829 1795 3907 φρουραὶ
1831 3832 2065 3906 ἄδεσμοι;
2101 3834 2250 3889 Plut.
2272 3833 2410 3889 Ant.
2430 3835 2519 3904 81,
2556 3853 2619 3890 2:
2673 3832 2737 3889 τὰ

385 3922 442 3978 δὲ
480 3923 814 3997 Κλεοπάτρας
860 3922 1029 3977 παιδία
1078 3922 1422 3996 φρουρούμενα
1472 3921 1596 3996 μετὰ
1648 3930 1750 3976 τῶν
1799 3923 2086 3996 τρεφόντων
2139 3922 2262 3976 ἐλε
2284 3942 2310 3976 υ
2331 3922 2368 3976 θ
2389 3923 2413 3975 ε’
2434 3942 2464 3996 ρ
2487 3943 2591 3976 ιον
2630 3920 2733 3997 εἶχε

383 4012 663 4068 δίαιταν.

599 4121 643 4193 ⁴)
681 4122 811 4177 Liv·
830 4126 881 4192 6,
908 4139 960 4192 3,
985 4140 1049 4192 9;
1087 4140 1140 4192 9,
1170 4139 1256 4192 42,
1285 4140 1350 4193 93
1388 4140 1475 4192 24,
1516 4140 1600 4192 19,
1642 4140 1739 4191 11;
1777 4123 1865 4192 26,
1906 4140 1992 4192 14,
2030 4138 2091 4193 95
2129 4122 2404 4191 26‚16‚6;
2441 4139 2528 4192 30,
2559 4138 2642 4193 17,
2671 4139 2731 4191 2;

379 4231 471 4285 30,
509 4229 597 4284 45,
634 4229 694 4282 4;
733 4228 821 4282 32,
859 4212 947 4280 26,
988 4212 1083 4281 183
1123 4210 1193 4265 cf.
1232 4228 1320 4282 45,
1357 4229 1444 4282 43,
1482 4227 1543 4281 93
1581 4210 1719 4267 Sall.
1761 4210 1927 4267 Catil.
1966 4227 2052 4282 51,
2091 4227 2187 4281 433
2223 4209 2374 4265 Vell.
2412 4208 2640 4266 Patere.
2679 4227 2732 4280 2,

377 4318 469 4375 35,
507 4320 568 4374 3;
604 4301 748 4357 Zon·
786 4319 838 4371 9,
876 4318 963 4372 30,
1000 4319 1052 4371 9·

600 4408 642 4479 ⁵)
679 4409 806 4465 Liv.
845 4427 932 4481 30,
974 4426 1057 4481 17,
1100 4426 1182 4464 11.
