3467 5350
1333 578 1772 651 „45-

378 760 492 845 dit,
545 773 617 830 ut
647 756 893 829 milites
930 759 1226 829 retinere
1264 781 1403 827 non
1437 770 1700 849 posset,
1752 758 1912 846 quin
1951 758 2100 827 neci
2136 780 2213 827 se
2239 757 2731 849 permitterent.

379 871 453 937 Οἱ
513 870 617 956 μὲν
678 870 920 957 Λοχαῖοι
967 871 1442 957 προστιθεμένων
1490 877 1609 932 τῶν
1655 870 1956 952 κλιμάκων
2005 869 2501 959 ἐπεκηρυκεύοντο
2550 871 2738 934 ἐκλεί-

379 982 503 1065 ψειν
551 979 661 1064 τὴν
707 978 875 1041 πόλιν
923 977 1286 1054 ὑπόσπονδοι,
1335 978 1430 1040 καὶ
1478 978 1507 1040 ὀ
1546 975 1801 1040 Σκιπίων
1866 978 2135 1040 ἀνεκάλει
2183 979 2261 1062 τῇ
2316 979 2584 1062 σάλπιγγι
2627 978 2738 1063 τὴν

382 1092 679 1175 στρατιάν.
740 1088 779 1172 ἡ
827 1083 877 1154 δ’
929 1086 1038 1172 οὐχ
1094 1085 1380 1173 ὑπήκουεν
1443 1082 1535 1148 ὑπ’
1587 1087 1778 1171 ὀργῆς
1825 1084 1906 1146 ὦν
1955 1085 2369 1162 ἐπεπόνθεσαν,
2430 1083 2568 1149 ἀλλ’
2620 1086 2737 1149 ἐπι-

385 1193 604 1279 βάντες
651 1201 782 1266 τοῖς
829 1196 1046 1281 τείχεσι
1094 1194 1189 1256 καὶ
1236 1194 1437 1277 γύναια
1482 1192 1576 1256 καὶ
1620 1194 1815 1255 παιδία
1861 1195 2268 1279 κατέσφαττον
2293 1196 2360 1274 ¹).

597 1300 932 1367 Armatos
952 1297 1143 1367 abire
1156 1299 1395 1366 hostes
1415 1320 1686 1387 suaque
1706 1297 1938 1365 omnia
1956 1320 2191 1365 secum
2213 1297 2512 1366 serentes
2531 1297 2739 1366 licere

385 1428 807 1498 quamquam
842 1405 1148 1474 Perseus
1184 1416 1631 1474 concesserat
1676 1404 2027 1495 praesidio
2060 1405 2384 1473 Romano
2419 1405 2741 1474 Uscanae

384 1514 596 1596 urbiS,
667 1526 897 1582 tamen
956 1513 1253 1595 minime,
1328 1514 1519 1602 quod
1579 1512 1924 1603 pollicitus
1989 1524 2114 1596 est,
2186 1512 2543 1603 praestitit,
2615 1513 2741 1581 sed

387 1644 580 1690 arma
626 1620 880 1689 ademit
927 1631 1312 1711 captosque
1360 1618 1767 1709 vendidit2).

600 1728 902 1798 Duobus
934 1728 1105 1796 locis
1139 1728 1509 1796 traduntur
1542 1727 1756 1796 dediti
1789 1750 1944 1795 cum
1980 1727 2191 1796 binis
2224 1728 2742 1797 vestimentis

388 1836 639 1905 abisse.
735 1837 1064 1920 Alorcus,
1097 1835 1289 1926 pacis
1316 1836 1677 1926 interpreS,
1716 1834 2143 1924 Saguntinis,
2196 1859 2375 1926 quae
2402 1835 2746 1904 Hannibal

388 1943 712 2035 postulat,
761 1944 1080 2035 exponit:
1145 1945 1387 2012 Urbem
1423 1946 1619 2019 vobis,
1672 1967 1873 2031 quam
1908 1968 1995 2010 ex
2026 1968 2277 2031 magna
2313 1951 2515 2032 parte
2561 1947 2745 2010 diru-

391 2059 549 2128 tam,
600 2058 861 2139 captam
885 2055 1050 2139 fere
1075 2059 1279 2119 totam
1327 2053 1541 2127 habet,
1591 2053 1849 2127 adimit,
1898 2076 2096 2138 agros
2141 2054 2483 2139 relinquit,
2533 2055 2745 2118 locum

391 2161 899 2246 adsignaturus,
941 2161 1015 2225 in
1043 2183 1175 2247 quo
1220 2183 1470 2224 novum
1519 2161 1838 2246 oppidum
1885 2161 2261 2247 aedificetis.
2353 2162 2637 2225 Aurum
2686 2167 2754 2226 et

393 2274 756 2354 argentum
802 2291 1014 2342 omne,
1054 2269 1406 2355 publicum
1442 2269 1949 2354 privatumque,
1999 2269 2096 2333 ad
2131 2291 2203 2334 se
2248 2269 2432 2334 iubet
2461 2269 2748 2355 differri.-

397 2385 668 2463 corpom
724 2383 944 2443 vestra
1007 2376 1368 2462 coniugum
1430 2398 1510 2441 ac
1555 2376 1914 2442 liberorum
1961 2382 2330 2442 vestrorum
2376 2382 2606 2441 servat
2647 2377 2749 2440 in-

394 2485 656 2558 violata,
702 2485 772 2549 si
808 2486 1100 2550 inermes
1147 2506 1323 2548 cum
1375 2484 1609 2548 binis
1654 2484 2204 2550 vestimentis
2248 2485 2465 2549 velitis
2510 2484 2592 2548 ab
2620 2486 2749 2548 Sa-

382 2598 604 2680 gunto
664 2593 852 2657 exire
872 2593 945 2677 3).
1050 2590 1195 2661 Sed
1258 2591 1470 2682 paulo
1515 2613 1729 2682 supra
1750 2593 1797 2677 ⁴)
1846 2592 2242 2682 postulasse
2288 2589 2749 2660 Hannibalem

393 2699 633 2767 Livius
668 2711 1188 2783 commemorat,
1240 2712 1530 2769 utcum
1583 2700 1973 2788 singulis
2023 2699 2590 2769 vestimentis
2638 2700 2751 2768 ab·

395 2806 591 2875 irent.
688 2807 935 2897 Neque
982 2806 1287 2897 intellegi
1332 2820 1586 2899 potest,
1629 2831 1753 2877 cur
1777 2808 2104 2893 Alorcus,
2155 2807 2273 2898 qui
2321 2807 2483 2876 nihil
2532 2829 2751 2897 grave

398 2914 486 2981 ab
546 2913 654 2997 iis,
730 2936 908 3004 quae
971 2914 1319 2983 Hannibal
1382 2915 1879 3005 postulaverat,
1945 2915 2242 2985 desumit
2305 2928 2421 2984 aut
2481 2915 2750 2984 silentio

398 3020 745 3110 praeterit,
817 3044 962 3090 rem
1026 3034 1164 3090 tam
1227 3021 1552 3110 exiguam
1615 3023 1934 3103 remittat,
1997 3022 2407 3113 praesertim
2469 3045 2625 3091 cum
2691 3022 2752 3091 ei

400 3127 583 3197 nulla
630 3127 831 3196 fuerit
876 3140 1213 3218 potestas,
1308 3129 1547 3220 Itaque
1594 3130 1914 3199 librarios
1962 3130 2029 3199 in
2071 3151 2384 3199 errorem
2428 3130 2754 3199 incidisse

398 3235 962 3306 verisimillimum
1013 3249 1138 3321 est,
1188 3236 1315 3305 nisi
1366 3237 1604 3306 Livius
1644 3237 1864 3307 voluit
1911 3237 2268 3311 artificium
2320 3237 2616 3307 orationi
2662 3237 2754 3306 in·

398 3356 638 3412 texere
686 3345 996 3413 nondum
1030 3357 1495 3436 perspectum.
1592 3345 1738 3416 Sed
1772 3345 2137 3415 Nucerinis
2182 3368 2259 3415 re
2298 3367 2471 3414 vera
2505 3345 2755 3414 Hanni-

398 3453 512 3522 bal
540 3453 859 3523 duobus
886 3476 1043 3522 cum
1065 3452 1584 3522 vestimentis
1609 3464 1683 3522 ut
1709 3453 1998 3538 abirent,
2020 3454 2297 3523 videtur
2320 3454 2752 3545 permisisse:

401 3562 592 3649 quod
640 3561 1076 3651 promiserat,
1125 3572 1354 3629 tamen
1402 3559 1800 3629 foedissime
1847 3584 1986 3630 non
2039 3563 2432 3654 servavit5).

614 3669 982 3738 Adnotare
1029 3669 1238 3752 iuvat,
1289 3681 1547 3759 quanta
1593 3668 1955 3738 sanctitate
1990 3668 2326 3739 Germani
2374 3683 2442 3740 et
2476 3672 2755 3756 Persae,

406 3797 586 3864 quos
632 3775 933 3844 Romani
991 3778 1334 3846 barbaros
1393 3777 1740 3867 appellare
1789 3789 2325 3864 consueverant,
2386 3777 2593 3847 fidem
2645 3779 2758 3848 da-

403 3893 546 3948 tam
592 3882 1115 3970 servaverintss).

624 4026 666 4094 ¹)
705 4024 963 4099 Appian.
1000 4026 1127 4083 Lib.
1170 4034 1252 4100 15.
1311 4061 1367 4071 —
1424 4028 1469 4100 ²)
1508 4027 1636 4086 Liv.
1675 4048 1764 4101 43,
1806 4048 1889 4102 19,
1928 4049 1978 4087 2.
2037 4063 2094 4072 -
2153 4028 2194 4100 ⁸)
2233 4029 2361 4085 Liv.
2401 4047 2488 4100 21,
2529 4048 2614 4101 13,
2651 4031 2759 4103 617.

406 4112 451 4185 ⁴)
491 4131 579 4185 21,
621 4131 705 4184 12,
742 4132 793 4187 5.
821 4147 878 4156 —
906 4114 949 4186 ⁶)
989 4116 1245 4190 Appian.
1266 4117 1393 4175 Lib.
1417 4120 1506 4190 63.
1535 4153 1590 4161 —-
1618 4119 1661 4191 ο)
1702 4120 1855 4177 Plut.
1874 4120 2021 4176 Mar.
2042 4139 2129 4193 23,
2167 4121 2227 4190 63
2267 4119 2442 4177 Oros,
2462 4138 2512 4193 7,
2537 4137 2625 4191 31,
2655 4122 2757 4192 112.
