3467 5350
1684 601 2128 673 *14⁶*

736 781 1280 876 propulsaretur.
1378 783 1541 869 Quo
1590 783 1804 851 modo
1853 782 2130 850 videtur
2175 777 2427 849 bellum
2488 776 2673 870 apud
2720 777 3084 849 Romanos

738 894 938 985 quasi
986 893 1219 961 ultima
1266 891 1439 960 ratio
1489 914 1666 959 esse.
1763 891 1950 958 Nam
1998 914 2147 959 cum
2193 891 2334 958 sint
2376 889 2513 957 duo
2551 912 2818 979 genera
2865 889 3083 955 decer-

734 1005 948 1085 tandi,
1017 1025 1227 1070 unum
1272 1009 1405 1088 per
1448 999 2019 1088 disceptationem,
2087 998 2378 1065 alterum
2413 1005 2546 1086 per
2588 997 2745 1078 vim,
2813 1019 3087 1084 cumque

736 1112 912 1179 illud
940 1109 1300 1199 proprium
1346 1108 1439 1175 sit
1480 1108 1794 1188 hominis,
1841 1106 1965 1174 hoc
1996 1106 2368 1185 beluarum,
2418 1104 2951 1195 confugiendum
2986 1114 3090 1173 est

737 1218 838 1286 ad
887 1219 1256 1308 posterius,
1329 1217 1398 1282 si
1435 1217 1541 1282 uti
1579 1237 1715 1282 non
1762 1214 1914 1281 licet
1956 1216 2305 1302 superiore
2330 1217 2403 1292 1).
2520 1215 2759 1303 Atque
2825 1214 3085 1281 nullum

737 1326 979 1394 bellum
1046 1325 1305 1413 suscipi
1367 1322 1624 1390 debere
1696 1346 1741 1389 a
1807 1323 2073 1389 civitate
2138 1322 2390 1409 optima
2439 1322 2579 1388 nisi
2618 1329 2743 1388 aut
2770 1330 2907 1409 pro
2931 1321 3086 1412 fide

741 1442 866 1502 aut
895 1443 1031 1522 pro
1078 1432 1299 1499 salute
1347 1428 1599 1498 Cicero
1633 1427 1765 1498 sibi
1797 1439 2245 1518 persuaserat
2260 1432 2341 1513 2).
2434 1429 2700 1496 Bellum
2732 1436 2957 1496 autem
2990 1429 3086 1496 ita

735 1542 1171 1629 suscipiatur,
1240 1547 1317 1605 ut
1394 1538 1565 1605 nihil
1616 1537 1816 1606 aliud
1890 1538 2031 1605 nisi
2070 1546 2221 1625 pax
2295 1538 2608 1626 quaesita
2670 1536 2988 1604 videatur
3007 1539 3086 1621 ³).

740 1646 929 1733 Quin
960 1645 1162 1714 etiam
1201 1645 1449 1713 Cicero
1483 1644 1651 1712 satis
1684 1644 1855 1712 mire
1888 1643 2124 1712 Attico
2156 1643 2378 1712 amico
2409 1642 2677 1712 scribit:
2750 1642 3086 1733 Equidem

729 1764 970 1845 pacem
1017 1755 1291 1822 hortari
1331 1776 1464 1820 non
1518 1753 1779 1832 desin0,
1826 1776 2002 1842 quae
2056 1753 2166 1820 vel
2191 1753 2444 1820 iniusta
2475 1754 2706 1820 utilior
2751 1761 2854 1819 est
2880 1774 3087 1841 quam

738 1864 1186 1931 iustissimum
1248 1861 1489 1928 bellum
1511 1863 1584 1945 ⁴).
1729 1859 2044 1949 Inprimis
2116 1858 2474 1928 Diodorus
2539 1859 2815 1929 Siculus
2878 1859 3089 1928 multa

742 1969 1076 2058 gloriatur
1124 1969 1211 2036 de
1259 1966 1451 2036 iustis
1507 1967 1989 2035 Romanorum
2053 1965 2284 2034 bellis:
2347 1970 2441 2032 διὰ
2487 1970 2554 2032 τὸ
2603 1967 2749 2043 τοὺς
2795 1967 3088 2043 παλαιοὺς

743 2080 923 2164 μηδὲν
971 2078 1126 2142 οὔτω
1176 2078 1522 2151 σπουδάζειν
1569 2076 1663 2151 ὡς
1709 2077 1777 2140 τὸ
1823 2078 2083 2150 δικαίους
2129 2076 2463 2140 ἐνίστασθαι
2523 2078 2829 2162 πολέμους
2850 2080 2921 2161 ⁵).
3015 2075 3090 2141 Οἱ

740 2186 803 2250 δὲ
836 2183 1108 2270 (Ρωμαῖοι
1155 2187 1248 2249 καὶ
1296 2189 1433 2249 τότε
1480 2186 1574 2248 καὶ
1606 2186 1759 2268 μετὰ
1789 2191 1978 2248 ταῦτα
2022 2186 2279 2259 δικαίους
2311 2185 2666 2269 ἐνιστάμενοι
2695 2187 2998 2270 πολέμους
3015 2185 3087 2272 ⁶).

731 2291 872 2358 οὈτι
958 2294 1181 2381 σφόδρα
1263 2294 1315 2357 οἱ
1367 2289 1638 2376 (Ρωμαῖοι
1708 2293 2146 2381 φιλοτιμοῦνται
2207 2293 2466 2367 δικαίους
2544 2294 2877 2358 ἐνίστασθαι
2944 2291 3090 2367 τοὺς

740 2403 1036 2485 πολέμους
1059 2401 1153 2463 καὶ
1180 2399 1360 2486 μηδὲν
1386 2400 1515 2484 εἰκῇ
1547 2400 1639 2463 καὶ
1671 2406 1983 2487 προπετῶς
2011 2400 2138 2487 περὶ
2171 2406 2289 2461 τῶν
2321 2401 2600 2464 τοιούτων
2633 2400 2998 2488 ψηφίζεσθαι
3021 2401 3088 2482 ⁷).

743 2506 995 2574 Cicero
1032 2505 1267 2574 laudat
1297 2505 1776 2574 Romanorum
1812 2504 1917 2574 ius
1955 2504 2112 2573 belli
2145 2506 2250 2575 his
2285 2505 2544 2575 verbis:
2604 2506 2694 2591 (in
2728 2506 2876 2575 iure
2907 2506 3089 2595 belli)

743 2623 808 2683 et
875 2614 1298 2703 suscipiendo
1369 2623 1433 2683 et
1488 2615 1801 2705 gerendo
1863 2622 1927 2682 et
1988 2615 2379 2704 deponendo
2449 2616 2559 2683 ius
2603 2624 2682 2684 ut
2710 2616 3089 2705 plurimum

741 2724 1002 2791 valeret
1043 2732 1108 2790 et
1128 2722 1323 2813 fides
1368 2746 1737 2812 eorumque
1782 2732 1858 2790 ut
1890 2723 2146 2812 publici
2185 2725 2579 2812 interpretes
2625 2733 2866 2807 essent,
2940 2725 3093 2815 lege

743 2832 1104 2898 sanximus
1122 2833 1194 2918 ⁸).

957 2937 1160 3023 Quae
1207 2937 1262 3005 si
1298 2960 1470 3006 vera
1518 2951 1773 3022 essent,
1824 2937 1972 3006 fieri
2013 2962 2149 3007 non
2185 2939 2427 3029 potuit,
2475 2952 2550 3008 ut
2581 2939 2879 3008 Romani
2912 2942 3091 3011 ultro

747 3046 929 3114 nulla
994 3044 1235 3113 iniuria
1282 3045 1577 3113 lacessiti
1626 3045 1737 3114 vel
1785 3045 2104 3136 cupidine
2153 3046 2418 3134 gloriae
2468 3046 2786 3137 cuiquam
2837 3049 3090 3116 bellum

743 3152 1089 3224 inferrent.
1134 3154 1229 3220 At
1261 3151 1774 3221 versatissimus
1810 3152 2105 3241 quisque
2138 3153 2205 3221 in
2238 3153 2524 3223 historia
2556 3154 2872 3225 Romana
2906 3156 3091 3224 haud

743 3260 992 3328 infitias
1040 3259 1159 3329 ibit
1207 3261 1419 3328 multa
1467 3261 1642 3329 bella
1689 3283 1815 3329 eos
1863 3262 2172 3350 gessisse
2221 3285 2298 3330 re
2347 3285 2516 3332 vera
2561 3264 2826 3334 iniusta.
2924 3263 3092 3332 Cae·

745 3368 1072 3436 rimonias
1133 3381 1395 3436 tantum
1456 3379 1665 3456 atque
1712 3369 1881 3437 ritus
1929 3369 2225 3438 Romani
2275 3393 2400 3460 per
2447 3373 2723 3440 saecula
2770 3370 3091 3459 religiose

745 3476 1236 3559 observabant,
1288 3476 1471 3543 nulla
1520 3498 1595 3542 re
1643 3477 2052 3559 intermissa,
2103 3479 2262 3566 quin
2315 3502 2596 3548 causam
2643 3480 2799 3548 belli
2840 3479 3088 3546 inveni·

747 3595 917 3665 rent,
973 3605 1251 3673 semper
1297 3582 1364 3650 icl
1400 3585 1721 3672 agebant,
1774 3598 1845 3654 ut
1878 3584 2004 3674 ipsi
2040 3608 2197 3654 esse
2229 3586 2631 3655 innocentes
2666 3586 3088 3666 viderentur,

967 3838 1006 3902 ¹)
1065 3837 1180 3892 Cic.
1220 3837 1316 3894 off.
1360 3856 1406 3908 1,
1443 3854 1530 3910 34.

962 3926 1005 3992 ²)
1064 3927 1372 3999 Augustin.
1410 3931 1486 3984 de
1525 3929 1674 3986 civit.
1714 3931 1810 3986 dei
1847 3949 1933 3999 22,
1970 3933 2021 3989 6.

964 4016 1005 4085 ³)
1066 4018 1179 4073 Cic.
1223 4019 1319 4076 off.
1364 4038 1408 4090 1,
1446 4023 1533 4076 80.

960 4105 1006 4174 ⁴)
1062 4106 1178 4163 Cic.
1217 4126 1310 4180 ep.
1351 4110 1424 4164 ad
1464 4109 1635 4165 Attic.
1676 4129 1726 4182 7,
1773 4129 1858 4182 14,
1892 4129 1942 4180 3.

965 4195 1007 4263 ⁶)
1065 4195 1170 4267 frg.
1207 4200 1259 4267 8,
1297 4216 1384 4268 22,
1424 4216 1474 4268 3.

962 4283 1007 4352 ⁶)
1066 4284 1170 4356 frg.
1209 4287 1295 4354 28,
1334 4304 1384 4357 3.

965 4373 1007 4440 7)
1066 4373 1171 4445 frg·
1211 4393 1297 4446 32,
1336 4394 1387 4447 5-

965 4461 1006 4531 ⁸)
1065 4462 1180 4519 Cic.
1220 4466 1333 4537 leg.
1373 4485 1423 4536 2,
1462 4485 1547 4539 34.
