3467 5350
1701 494 2142 630 476-

746 761 872 807 eos
950 740 1264 820 duxerat,
1346 760 1524 826 quos
1602 738 1922 807 Metellus
2000 738 2066 806 in
2146 738 2357 807 Creta
2436 749 2732 827 ceperat.
2853 737 3089 826 Itaque

749 846 1051 916 Velleius
1098 846 1502 915 Paterculus
1532 850 1575 930 ¹)
1644 845 1835 913 addit
1903 868 2039 913 non
2111 845 2360 913 iniuste
2420 856 2876 934 conquestum
2937 865 3091 912 esse

749 954 1114 1036 Metellum,
1167 956 1349 1041 quod
1371 955 1732 1042 Pompeius
1781 956 2070 1040 captivos
2114 954 2634 1037 subduxissefi).
2731 951 2869 1038 Qui
2918 951 3092 1040 capti

749 1072 942 1129 erant
985 1084 1026 1129 a
1073 1060 1454 1129 minoribus
1502 1059 1797 1129 ducibus
1846 1059 1956 1128 vel
2003 1059 2250 1148 legatis
2286 1059 2400 1127 vel
2451 1057 2737 1127 tribunis
2786 1058 3091 1141 militurn,

749 1190 990 1237 omnes
1034 1191 1251 1258 penes
1298 1190 1453 1236 eum
1506 1179 1722 1255 erant,
1774 1166 1889 1257 qui
1937 1188 2279 1235 summam
2318 1166 2674 1235 obtinebat
2719 1165 2985 1255 imperii
3015 1169 3092 1252 ⁸).

749 1276 891 1345 Sed
957 1276 1224 1365 gloriae
1272 1275 1592 1365 cupidine
1641 1275 1829 1343 caeci
1876 1274 2079 1343 etiam
2127 1274 2585 1363 imperatores
2636 1274 2915 1364 quidam
2962 1273 3095 1341 Ro·

749 1406 1112 1452 manorum
1163 1385 1249 1451 ad
1298 1384 1579 1452 fraudes
1629 1383 1952 1451 dicuntur
1999 1382 2416 1472 profugisse.
2511 1381 2622 1450 De
2672 1380 3097 1469 Caligula

749 1490 1121 1564 Suetonius
1169 1492 1303 1559 hoc
1353 1490 1584 1580 prodit
1629 1490 2041 1558 memoriae:
2098 1497 2379 1577 praeter
2422 1491 2709 1578 captivos
2753 1514 2833 1556 ac
2879 1495 3098 1555 trans-

745 1601 964 1686 ficgas
1029 1602 1336 1665 barbaros
1393 1601 1778 1666 Galliarum
1844 1622 2127 1686 quoque.
2152 1599 2701 1686 proceris-simum
2770 1619 3100 1684 quemque

749 1713 828 1781 ff,
887 1713 969 1774 ut
1032 1708 1170 1794 ipse
1217 1708 1489 1782 dicebat,
1547 1705 2070 1795 ἀξιοθριάμβευτον
2116 1729 2196 1772 ac
2242 1708 2606 1771 nonnullos
2653 1728 2740 1771 ex
2769 1705 3097 1792 princzpi-

749 1817 866 1881 eius
898 1817 1063 1903 legit
1097 1839 1176 1881 ac
1218 1816 1514 1902 seposuit
1553 1817 1651 1879 ad
1678 1824 1996 1902 pompam
2046 1816 2385 1901 coegitque
2431 1837 2567 1879 non
2614 1818 2884 1879 tantum
2932 1813 3101 1878 ruti-

749 1925 888 1990 ?fzre
945 1930 1013 1988 et
1066 1924 1488 1989 summittere
1550 1946 1822 1997 comam,
1884 1924 2010 1989 sed
2065 1929 2133 1988 et
2184 1945 2559 1988 sermonem
2616 1921 3100 1988 Germanicum

745 2031 1087 2096 adducere
1133 2036 1201 2095 et
1241 2031 1518 2095 nomina
1566 2031 1908 2096 barbarica
1926 2031 2211 2117 ferre4).
2304 2027 2522 2095 Etiam
2575 2026 3100 2097 Domitianus

745 2158 870 2225 per
918 2136 1333 2205 commercia
1380 2137 1596 2205 fertur
1644 2136 1918 2218 emisse,
1970 2158 2267 2226 quorum
2317 2136 2592 2205 habitus
2641 2147 2710 2204 et
2756 2135 2979 2203 crines
3030 2133 3097 2201 in

749 2242 1177 2333 captivorum
1227 2244 1531 2333 speciem
1581 2244 2046 2313 formarentur
2064 2249 2134 2329 ⁶).

957 2350 1030 2419 In
1082 2364 1407 2419 auctores
1455 2351 1918 2420 defectionum
1967 2351 2331 2441 capitaque
2378 2349 2931 2419 coniurationum
2961 2348 3099 2417 Ro-

749 2481 991 2526 manos
1020 2458 1433 2548 gravissime
1461 2459 2033 2528 animadvertisse
2060 2458 2191 2527 iam
2219 2482 2432 2549 supra
2465 2456 3010 2526 commemoravi
3023 2461 3098 2541 ⁶).

753 2565 876 2633 Hic
943 2566 1074 2634 iam
1140 2567 1226 2634 ad
1291 2567 1564 2655 singula
1630 2578 1931 2634 transeo,
2037 2566 2214 2634 Cum
2284 2565 2600 2634 homines
2662 2564 2969 2634 seditiosi
3032 2563 3100 2631 in

749 2685 1161 2761 potestatem
1193 2674 1671 2742 Romanorum
1705 2673 2098 2758 veniebant,
2150 2673 2405 2764 pariter
2430 2685 2639 2762 atque
2685 2672 2897 2742 ceteri
2945 2695 3101 2763 cap·

749 2781 863 2848 tivi
926 2781 1133 2849 vincti
1205 2781 1646 2850 mittebantur
1716 2782 2037 2851 Romam.
2151 2782 2388 2872 Atque
2461 2805 2615 2850 cum
2689 2781 3101 2870 quaestione

749 2888 976 2956 habita
1004 2889 1319 2957 elucebat
1365 2900 1604 2958 sontes
1654 2912 1779 2958 eos
1827 2910 2007 2972 esse,
2055 2888 2123 2956 in
2173 2912 2452 2958 carcere
2502 2890 3099 2970 adservabantur;

749 2995 998 3063 deinde
1044 2995 1265 3085 virgis
1328 2998 1889 3082 caedebantur‘1).
1986 2998 2397 3066 Denudatus
2458 3009 2527 3066 et
2573 2997 2890 3066 manibus
2936 3008 3104 3086 post

747 3118 1018 3192 tergum
1081 3105 1165 3172 ad
1217 3104 1446 3194 palum
1496 3104 1795 3194 illigatus
1844 3106 2160 3194 captivus
2207 3105 2412 3174 huius
2462 3104 2743 3193 generis
2793 3116 2899 3172 est
2946 3126 3103 3173 ver-

749 3214 1028 3279 beratus
1049 3216 1121 3295 ⁸).
1232 3211 1395 3296 Quo
1455 3213 1654 3300 gravi
1713 3212 2051 3303 supplicio
2118 3212 2460 3302 principes
2543 3212 2814 3280 urbium
2880 3210 3104 3280 socio·

749 3341 918 3402 rum,
993 3342 1171 3409 quae
1241 3318 1501 3388 incerta
1576 3320 1714 3389 fide
1796 3333 2011 3404 erant,
2096 3321 2390 3388 maxime
2470 3341 2628 3389 esse
2706 3331 3104 3388 commotos

749 3442 951 3515 atque
1006 3426 1375 3495 deterritos
1424 3427 1618 3496 facile
1669 3440 1777 3496 est
1823 3428 2189 3502 intellectu.
2284 3427 2431 3497 Sed
2480 3450 2691 3516 reges
2738 3426 3102 3495 verberari

746 3556 884 3602 non
950 3535 1269 3602 solebant
1335 3559 1375 3603 a
1438 3534 1795 3610 RomaniS.
1889 3535 2243 3604 Antonius
2308 3534 2571 3624 primus
2634 3557 2877 3623 regem
2938 3533 3103 3623 palo

964 3695 1004 3766 ι)
1043 3714 1094 3765 2,
1132 3714 1219 3766 40,
1258 3713 1309 3767 5.
1355 3725 1409 3735 —
1459 3696 1498 3764 ²)
1540 3697 1609 3752 cf.
1649 3697 1814 3753 Cass.
1843 3697 1955 3753 Dio
2010 3699 2097 3768 36,
2142 3716 2223 3768 19,
2261 3716 2313 3768 3.
2361 3727 2415 3738 -
2465 3696 2506 3766 ⁸)
2547 3697 2615 3752 cf.
2654 3697 2783 3752 Liv.
2808 3714 2897 3767 31,
2924 3714 3011 3767 49,
3038 3713 3104 3766 35

745 3802 830 3858 45,
868 3803 956 3856 42,
994 3803 1044 3840 2.
1105 3818 1161 3826 —
1214 3785 1258 3855 ⁴)
1298 3784 1460 3842 Suet.
1500 3786 1680 3858 Calig.
1721 3805 1808 3858 47.
1864 3817 1921 3827 —
1978 3787 2021 3856 ⁸)
2060 3787 2246 3843 Tacit.
2284 3786 2482 3859 Agric.
2520 3805 2608 3859 39.
2653 3817 2710 3826 —
2756 3786 2799 3856 ⁶)
2838 3804 2894 3858 p.
2916 3789 3105 3857 53l57.

872 3912 878 3918 ·
961 3874 1002 3944 7)
1040 3874 1167 3931 Liv-
1188 3877 1240 3945 8,
1261 3893 1348 3945 20,
1367 3877 1574 3948 6,7;9,
1599 3878 1682 3948 16,
1703 3879 1855 3948 9l10;
1876 3896 1928 3948 9,
1949 3896 2036 3948 24,
2060 3879 2246 3949 13115;
2272 3895 2355 3948 1ο,
2379 3879 2618 3948 1,3;26,
2642 3894 2726 3949 15,
2746 3878 2864 3949 718,
2902 3878 2989 3946 26,
3013 3877 3104 3945 16,

745 3966 865 4037 2³⁸3}
893 3967 981 4035 28,
1011 3983 1096 4036 29,
1130 3983 1223 4035 11;
1263 3968 1348 4037 28,
1380 3983 1464 4037 19,
1490 3984 1584 4036 12;
1622 3969 1903 4039 33,36,3;
1941 3986 2028 4037 41,
2052 3970 2219 4038 11,8;
2252 3969 2415 4024 Cass
2435 3967 2564 4023 Dio.
2585 3985 2672 4037 49,
2692 3967 2864 4036 22,6;
2889 3964 3103 4037 Polyb.

749 4054 852 4126 frg.
876 4072 924 4125 1,
962 4074 1012 4127 7,
1055 4073 1149 4112 12:
1189 4053 1311 4109 κατὰ
1347 4053 1403 4109 τὸ
1442 4056 1558 4129 παρ’
1598 4055 1763 4118 αὐτοῖς
1802 4055 1923 4119 ἔθος
1936 4077 1951 4127 ;
2005 4057 2149 4113 Zon.
2188 4059 2241 4128 8,
2279 4075 2343 4129 7;
2408 4058 2576 4114 Caes,
2616 4059 2670 4112 b.
2711 4056 2780 4112 G.
2818 4058 2870 4126 8,
2907 4057 2996 4127 38,
3033 4071 3103 4126 55

745 4144 914 4199 Diod.
958 4163 1040 4215 19,
1081 4163 1202 4216 101,
1239 4165 1304 4216 3:
1354 4141 1476 4199 κατὰ
1511 4143 1568 4199 τὸ
1606 4147 1808 4219 πάτριον
1851 4145 1996 4216 {Ro-3
2061 4147 2167 4218 frg.
2207 4166 2295 4218 34,
2333 4164 2431 4218 313
2494 4146 2642 4203 Plut.
2682 4146 2861 4202 Marc.
2905 4164 2986 4215 14,
3040 4163 3103 4214 13

749 4233 914 4290 Dion.
953 4233 1086 4289 Hal.
1123 4253 1174 4305 3,
1213 4253 1312 4305 4ο;
1363 4253 1415 4306 3,
1453 4237 1540 4307 58,
1596 4252 1647 4306 5,
1685 4253 1785 4307 43,
1835 4254 1887 4308 5,
1926 4254 2024 4308 5Ῑ;
2064 4253 2115 4308 5,
2152 4238 2253 4307 60;
2313 4255 2395 4307 10,
2446 4254 2544 4306 215
2601 4236 2833 4308 Ioseph.
2871 4237 2925 4291 b.
2966 4236 3004 4290 Ι.
3043 4253 3102 4306 2,

749 4342 830 4394 13,
870 4341 932 4396 73
970 4342 1019 4395 2,
1064 4342 1147 4394 14,
1184 4342 1248 4395 93
1286 4342 1338 4398 5,
1379 4343 1462 4395 11,
1505 4343 1561 4394 1;
1600 4344 1651 4397 7,
1695 4345 1777 4396 11,
1815 4344 1879 4398 35
1917 4345 1969 4399 7,
2007 4343 2057 4398 5-
2096 4329 2157 4396 6,
2197 4327 2370 4383 Oros·
2409 4343 2460 4398 5,
2502 4328 2585 4396 18,
2623 4327 2710 4381 26·

960 4412 1002 4486 ⁸)
1040 4414 1168 4470 Liv.
1189 4433 1241 4487 5,
1263 4433 1433 4487 27,9;
1473 4416 1559 4485 26,
1586 4418 1755 4487 15,8;
1793 4418 1879 4486 26,
1904 4434 1988 4488 13,
2014 4433 2078 4488 15
2090 4435 2107 4486 ;
2136 4421 2223 4487 26,
2246 4421 2329 4487 16,
2350 4429 2466 4487 2135
2495 4416 2657 4472 Cass.
2680 4415 2808 4470 Dio.
2831 4432 2917 4486 49,
2938 4431 3025 4484 22,
3042 4416 3102 4468 6.
