3467 5350
1431 571 1798 638 ..7-

452 747 744 813 civitatis
805 745 1279 817 trahebantur:
1352 745 1665 813 obstabat
1727 748 1959 813 ratio
2026 746 2245 814 belli
2299 757 2362 815 et
2404 771 2651 816 novum
2695 751 2810 816 im·

441 857 712 945 perium
775 853 1243 921 inchoantibus
1308 853 1494 920 utilis
1553 853 1938 920 clementiae
1966 855 2213 941 fama,·
2290 853 2561 922 Civilem
2609 857 2812 922 etiam

455 963 757 1052 beneficii
794 963 1116 1029 memoria
1145 960 1372 1049 flexit,
1424 960 1614 1049 quod
1634 962 1868 1048 filiunt
1917 962 2062 1027 eius
2097 968 2327 1049 primo
2360 985 2591 1029 rerum
2621 970 2808 1029 motu

453 1072 521 1138 in
604 1070 867 1137 colonia
944 1069 1446 1157 Agrippinensi
1521 1067 2011 1156 deprehensum
2090 1067 2429 1136 honorata
2503 1069 2813 1137 custodia

455 1176 856 1244 habuerant.
954 1175 1100 1243 Sed
1139 1175 1687 1244 Transrhenanis
1724 1174 2050 1264 gentibus
2096 1177 2318 1243 invisa
2367 1177 2607 1243 civitas
2655 1186 2809 1265 opu-

454 1285 665 1351 lentia
713 1291 1082 1371 auctuque;
1129 1306 1341 1371 neque
1389 1283 1600 1349 alium
1624 1283 1850 1371 finem
1899 1281 2056 1349 belli
2096 1282 2438 1364 rebantur,
2491 1306 2699 1371 quam
2747 1286 2816 1350 si

447 1392 800 1480 promisca
871 1414 951 1457 ea
1021 1391 1218 1457 sedes
1287 1388 1598 1456 omnibus
1677 1388 2045 1456 Germanis
2096 1391 2298 1478 foret
2342 1399 2464 1457 aut
2531 1390 2811 1458 disiecta

471 1496 705 1565 Ubios'
727 1520 991 1586 quoque
1038 1498 1491 1585 disperszsset.
2397 1570 2402 1577 ,

677 1605 790 1672 Ius
843 1604 996 1673 belli
1045 1627 1200 1672 cum
1251 1604 1354 1673 his
1403 1605 1836 1694 temporibus
1885 1604 2164 1694 saepius
2199 1606 2503 1673 omnium
2541 1605 2810 1674 animos

458 1725 751 1801 occupet
821 1712 1340 1801 permultaeque
1413 1733 1548 1792 res,
1623 1735 1804 1801 quae
1869 1712 1953 1779 ad
2021 1712 2084 1779 id
2153 1725 2487 1801 spectant,
2564 1712 2813 1780 cotidie

458 1818 899 1887 historiarum
967 1832 1035 1886 et
1099 1819 1471 1887 litterarum
1540 1819 1779 1909 peritis
1828 1820 2012 1887 haud
2063 1843 2267 1888 secus
2316 1843 2395 1888 ac
2444 1819 2609 1888 iuris
2659 1843 2812 1888 con·

458 1926 656 1995 sultis
691 1938 1078 2009 occurrant,
1129 1926 1295 1994 satis
1329 1926 1573 1993 mirum
1613 1939 1741 2008 est,
1786 1928 1975 2015 quod
2010 1926 2115 1995 ius
2148 1927 2303 1994 belli
2335 1927 2815 1994 Romanorum

459 2057 548 2101 ex
596 2056 682 2101 eo
726 2046 1061 2123 tempore,
1113 2056 1251 2122 quo
1284 2033 1658 2101 Eduardus
1694 2035 2266 2122 Osenbrueggen
2310 2032 2522 2101 edidit
2566 2033 2814 2102 librum

462 2141 881 2229 singularem
962 2142 1049 2208 de
1124 2141 1272 2207 iure
1342 2140 1498 2210 belli
1570 2153 1637 2208 et
1711 2140 1904 2229 pacis
1982 2140 2457 2208 Romanorum
2537 2140 2814 2229 inscrip-

460 2259 627 2327 tum,
672 2245 1032 2314 manifeste
1081 2241 1607 2335 neglegebatur.
1704 2245 2049 2335 Philologi
2095 2249 2433 2328 tacebant,
2484 2270 2638 2314 cum
2691 2247 2816 2315 viri

458 2354 626 2422 iuris
673 2353 872 2443 periti
922 2353 1130 2434 libris,
1196 2354 1447 2442 quibus
1497 2355 1840 2442 agebatur
1888 2354 1976 2421 de
2027 2353 2171 2421 iure
2218 2354 2547 2444 gentium,
2610 2376 2815 2442 quam

460 2462 870 2530 brevissime
939 2463 1414 2530 Romanorum
1489 2462 1595 2530 ius
1667 2462 1824 2529 belli
1900 2461 2269 2530 absolvere
2340 2474 2818 2530 consuessent.

458 2569 572 2637 Fr.
622 2569 899 2637 Bender
948 2570 1256 2657 queritur
1283 2570 1328 2658 ¹)
1378 2574 1472 2658 (p.
1508 2571 1596 2657 1):
1670 2592 1868 2655 „man
1922 2570 2039 2637 hat
2086 2591 2225 2636 von
2275 2568 2816 2657 philologischer

460 2677 650 2748 Seite
697 2678 806 2746 fur
855 2679 1091 2746 diesen
1142 2677 1296 2746 Teil
1348 2679 1476 2746 der
1510 2677 2136 2746 Altertumskunde
2186 2677 2550 2766 eigentlich
2599 2678 2820 2746 soviel

459 2785 590 2853 wie
639 2785 863 2853 nichts
914 2791 1192 2873 getan‘⁴.
1288 2785 1597 2853 Eandem
1650 2808 1796 2853 rem
1847 2784 2065 2873 tangit
2096 2784 2178 2853 R.
2200 2785 2286 2852 de
2321 2784 2611 2872 Scala2),
2662 2807 2818 2852 cum

464 2894 680 2960 verba
726 2891 884 2960 facit
935 2893 1022 2960 de
1061 2891 1211 2960 iure
1243 2893 1548 2981 gentium
1586 2892 2022 2962 Graecorum
2053 2899 2288 2981 (p.299
2320 2893 2473 2964 adn.
2487 2896 2591 2982 3):
2649 2892 2820 2978 „Die

463 2999 839 3067 Litteratur
887 3001 1061 3067 fiber
1094 3001 1222 3069 das
1269 2999 1704 3088 griechische
1737 3000 2200 3072 Volkerrecht
2247 3000 2363 3068 hat
2412 3000 2476 3067 in
2524 3023 2821 3068 neuerer

464 3106 612 3174 Zeit
674 3105 897 3174 nichts
962 3107 1438 3175 bedeutendes
1504 3107 1993 3186 aufzuweisen,
2061 3129 2137 3174 es
2183 3107 2360 3175 wird
2408 3106 2652 3175 immer
2699 3107 2820 3175 mit

464 3214 841 3281 denselben
892 3213 1151 3284 Stellen
1217 3212 1621 3303 gearbeitet,
1691 3215 1973 3283 obwohl
2038 3215 2215 3281 doch
2281 3236 2478 3297 neue,
2545 3215 2820 3283 hierher

428 3320 809 3409 ‚geborige
868 3320 1360 3391 Schriftsteller
1424 3322 1565 3388 und
1615 3320 2019 3390 Inschriften
2086 3323 2632 3390 unschatzbares
2683 3323 2818 3390 Ma-

464 3428 655 3496 terial
689 3428 915 3497 bieten
954 3432 1312 3497 wflrden“.
1409 3430 1650 3517 Itaque
1683 3452 1834 3496 eam
1885 3442 2150 3519 partem
2200 3429 2366 3497 iuris
2415 3441 2485 3497 et
2539 3429 2820 3498 rationis

466 3536 617 3603 belli
667 3536 1168 3620 Romanorum,
1233 3548 1563 3627 quantum
1630 3536 1927 3626 pertinet
1990 3538 2078 3604 ad
2139 3537 2318 3605 bello
2368 3549 2630 3627 captos,
2680 3559 2819 3627 ego

461 3642 717 3712 institui
780 3644 1297 3734 pervestigare:
1367 3646 1561 3714 cuius
1627 3644 2052 3733 quaestionis
2102 3646 2282 3713 viam
2336 3646 2448 3713 vix
2506 3658 2814 3735 paratam

463 3748 716 3820 inveni.
792 3753 968 3821 Nam
1007 3754 1574 3842 Osenbrueggen
1628 3754 1906 3821 duobus
1956 3753 2292 3843 capitibus
2339 3753 2506 3822 satis
2550 3753 2819 3842 exiguis

466 3860 608 3947 agit
679 3862 765 3927 de
836 3861 1154 3929 hostibus
1226 3861 1442 3951 captis
1467 3865 1536 3946 ²⁵).
1647 3860 1899 3949 Neque
1962 3861 2160 3950 plura
2226 3862 2488 3950 profert
2553 3861 2819 3929 Muller-

686 4058 728 4126 ¹)
798 4059 1068 4131 Beitrage
1141 4078 1247 4116 zur
1322 4060 1608 4116 Kenntnis
1684 4062 1792 4115 des
1867 4058 2103 4115 antiken
2180 4057 2599 4114 Volkerrechts
2673 4059 2822 4114 nach

467 4147 763 4219 Polybius,
842 4166 994 4218 1901.

683 4235 725 4306 ²)
783 4236 892 4292 Die
933 4237 1173 4294 Studien
1211 4242 1319 4294 des
1362 4239 1652 4310 Polybius.
1734 4240 1888 4309 1890.

683 4325 725 4394 ⁸)
786 4328 927 4399 Cap.
969 4327 1041 4382 11:
1101 4329 1176 4383 de
1231 4328 1359 4384 iure
1414 4329 1471 4383 in
1530 4330 1729 4384 hostes
1787 4328 1948 4400 ipsos
2006 4346 2061 4400 p.
2114 4332 2356 4401 43-563
2414 4346 2541 4400 cap.
2581 4327 2687 4383 IV:
2748 4329 2821 4384 de

468 4418 718 4475 hostium
757 4417 1055 4474 deditione
1092 4435 1148 4489 p.
1186 4419 1417 4490 65—68.
