3467 5350
1286 594 1725 660 ...61-

332 787 520 859 collis
544 811 701 858 esse
729 799 1002 879 aptatos
1022 792 1086 873 ¹).
1124 788 1197 857 In
1226 788 1576 879 triumpho
1599 790 1851 882 captivi
1872 791 2062 859 ibant
2087 790 2348 859 catenis
2371 791 2593 880 operti
2606 795 2677 876 2).

331 895 713 980 ExercituS,
787 919 943 964 cum
1008 896 1074 965 in
1138 896 1357 966 aciem
1417 897 1705 987 profecti
1767 911 1947 982 sunt,
2019 900 2447 987 sequebatur
2494 906 2681 967 totus

337 1003 764 1072 vinculorum
814 1009 1276 1093 apparatusss).
1373 1004 1732 1089 Nimirum,
1800 1008 1988 1096 quod
2039 1006 2289 1096 captivi
2336 1006 2678 1074 interdum

333 1132 600 1178 summa
648 1110 717 1178 vi
763 1133 853 1178 ex
897 1110 1189 1181 vinculis
1210 1118 1261 1194 ⁴)
1310 1135 1389 1180 se
1437 1112 1732 1182 liberare
1780 1113 2008 1183 conati
2055 1125 2234 1183 sunt.
2330 1113 2681 1181 Morsibus

332 1241 454 1286 eos
520 1231 802 1286 catenas
865 1230 1244 1307 temptasse
1307 1220 1683 1289 memoriae
1728 1220 2049 1311 proditur
2076 1225 2144 1305 ⁶).
2240 1208 2680 1305 Quinetiam

333 1326 620 1394 vinculis
668 1325 874 1395 soluti
923 1337 1134 1414 atque
1182 1327 1392 1396 armis
1425 1330 1722 1419 receptis
1772 1328 2027 1417 agmini
2075 1327 2446 1396 intermixti
2494 1326 2680 1396 terri-

332 1431 642 1500 biliorem
678 1433 944 1522 proelio
978 1432 1133 1524 ipso
1166 1434 1529 1503 tumultum
1565 1436 1904 1525 praebere
1937 1438 2396 1525 potueruntss).
2467 1434 2679 1502 'Com-

333 1541 631 1628 pedibus
698 1563 858 1609 esse
923 1540 1028 1609 usi
1092 1540 1419 1610 videntur
1471 1542 1788 1626 Romani,
1857 1542 2111 1631 quibus
2172 1542 2478 1612 latrones
2540 1541 2681 1609 vin-

335 1646 632 1731 cirent‘2).
746 1647 964 1717 Etiam
1036 1648 1101 1716 in
1171 1670 1450 1717 carcere
1518 1650 1797 1739 publico
1862 1649 2017 1740 ipso
2080 1650 2274 1719 iussu
2340 1649 2680 1738 praetoris

334 1755 711 1845 compedes
759 1756 1069 1825 adhiberi
1117 1769 1456 1845 poterant.
1553 1756 1731 1826 Nam
1783 1780 1938 1826 cum
1988 1780 2048 1826 a.
2082 1758 2209 1846 198
2234 1780 2292 1826 a.
2322 1756 2489 1826 Chr.
2530 1779 2680 1847 cap-

333 1862 454 1932 tivi
485 1865 669 1933 haud
719 1865 886 1933 satis
932 1864 1191 1933 intente
1237 1865 1559 1934 custoditi
1605 1866 1985 1956 periculum
2036 1865 2134 1934 rei
2181 1865 2496 1955 publicae
2544 1887 2683 1933 mo-

335 1970 434 2040 liri
499 1971 916 2063 coepissent,
991 1971 1173 2041 circa
1236 1995 1491 2041 nomen
1555 1972 1876 2042 Latinum
1933 1995 1973 2041 a
2034 1985 2358 2063 praetore
2417 1972 2683 2041 litterae

335 2091 491 2148 sunt
525 2079 797 2163 missae,
851 2092 923 2148 ut
957 2079 1208 2170 captivi
1240 2102 1329 2148 ne
1378 2079 1601 2149 minus
1649 2081 1895 2150 decem
1941 2080 2178 2170 pondo
2228 2069 2683 2169 compedibus

334 2186 541 2256 vincti
574 2186 641 2255 in
676 2187 861 2256 nulla
893 2188 1021 2256 alia
1056 2210 1264 2279 quam
1299 2186 1364 2257 in
1402 2187 1697 2258 carceris
1731 2187 1983 2279 publici
2017 2187 2334 2256 custodia
2365 2190 2681 2271 essentss).

335 2294 751 2385 Redemptio
798 2293 857 2363 si
921 2294 1151 2377 fiebat,
1213 2295 1280 2365 in
1328 2295 1620 2365 vinculis
1684 2295 1895 2365 habiti
1954 2307 2134 2378 sunt,
2204 2296 2428 2363 donec
2476 2316 2683 2362 omne

335 2424 578 2471 aurum
627 2405 1057 2493 persolutum
1107 2408 1303 2492 est⁹).

548 2509 743 2578 Haec
805 2510 1012 2581 habui
1076 2512 1166 2580 de
1233 2509 1523 2602 captivis
1569 2511 2040 2581 Romanorum
2103 2508 2367 2578 vinctis,
2461 2508 2683 2577 Accu-

336 2619 548 2688 ratius
581 2618 672 2688 de
707 2619 837 2689 hac
872 2642 947 2688 re
978 2618 1400 2703 instruimur,
1452 2642 1606 2690 cum
1643 2642 1783 2689 non
1824 2620 2048 2689 solum
2098 2618 2314 2687 libros
2345 2629 2682 2699 veterum,

335 2728 460 2796 sed
509 2726 711 2796 etiam
761 2739 1210 2797 monumenta
1260 2728 1554 2819 lapidea,
1626 2750 1807 2817 quae
1878 2750 2063 2796 nunc
2131 2725 2394 2815 reliqui,
2466 2726 2688 2816 perlu-

335 2833 808 2903 straverimuS.

548 2942 825 3011 Proelio
872 2943 1246 3013 commisso
1289 2943 1540 3034 captivi
1569 2944 1658 3013 ad
1692 2945 2181 3033 imperatorem
2218 2941 2466 3010 deduci
2514 2942 2685 3010 sole-

335 3052 611 3135 bant10).
693 3050 1052 3135 Nimirum,
1103 3052 1295 3141 quod
1343 3051 1578 3121 furore
1623 3051 1869 3140 iraque
1916 3051 2291 3119 frementes
2338 3049 2684 3117 interdum

555 3302 596 3372 ¹)
634 3303 841 3374 Polyb.
881 3301 989 3374 frg.
1027 3320 1115 3373 20,
1157 3320 1241 3375 10,
1278 3303 1333 3358 8.
1384 3335 1441 3344 -
1486 3301 1529 3372 ²)
1568 3302 1694 3357 Liv.
1733 3318 1822 3374 45,
1859 3320 1948 3372 40,
1985 3303 2049 3371 6,
2087 3301 2240 3357 Flor.
2276 3318 2329 3372 3,
2372 3316 2418 3370 1,
2461 3318 2545 3373 17.

553 3389 596 3461 ⁸)
634 3391 840 3464 Polyb.
865 3409 918 3463 3,
953 3393 1046 3461 82,
1079 3394 1145 3449 8:
1183 3390 1478 3464 κομίζοντας
1506 3389 1708 3452 ἁλύσεις
1736 3387 1815 3444 καὶ
1841 3391 1997 3452 πέδας
2019 3386 2098 3444 καὶ
2134 3394 2293 3445 πᾶσαν
2327 3388 2421 3463 τὴν
2455 3387 2688 3462 τοιαύτην

273 3550 278 3555 ⁸
335 3483 664 3554 παρασκευήν.
724 3482 792 3538 cf.
820 3481 1005 3538 Tacit.
1046 3497 1180 3539 ann.
1218 3499 1270 3552 2,
1313 3482 1396 3537 18.

549 3570 596 3641 ⁴)
633 3571 762 3627 Liv.
799 3573 852 3641 8,
893 3572 977 3642 16,
1015 3588 1067 3639 9.
1111 3602 1169 3612 -
1216 3571 1259 3642 ⁵)
1299 3572 1453 3628 Flor.
1491 3589 1543 3642 2,
1584 3589 1668 3640 11,
1705 3574 1770 3640 6,
1809 3591 1860 3643 4,
1902 3588 1986 3641 12,
2028 3588 2111 3643 17.

551 3659 594 3731 ⁸)
633 3660 761 3718 Liv.
805 3679 889 3732 10,
926 3679 1013 3732 20,
1055 3679 1152 3731 11;
1191 3680 1279 3733 24,
1322 3663 1406 3732 16,
1443 3680 1507 3734 3,
1546 3661 1711 3718 CaSS.
1751 3661 1881 3720 Dio.
1911 3662 2001 3731 68,
2039 3678 2126 3731 22,
2164 3678 2217 3732 3.

555 3750 596 3820 ⁷)
633 3750 788 3807 Flor·
850 3769 904 3823 3»
946 3769 1028 3822 19,
1067 3769 1118 3824 3·

553 3838 596 3910 ⁸)
635 3840 764 3896 Liv.
801 3858 890 3913 32,
929 3844 1016 3911 26,
1058 3844 1142 3899 18.

553 3928 598 3999 ⁹)
636 3929 763 3985 Liv.
801 3947 889 4001 23,
931 3948 1014 4001 19,
1057 3948 1140 4004 17.

557 4018 623 4089 ¹⁰)
661 4020 867 4092 Polyb.
908 4038 956 4090 Ι,
993 4022 1082 4090 82,
1120 4038 1184 4090 2,
1222 4037 1274 4091 3,
1310 4020 1399 4091 85,
1441 4037 1500 4088 1,
1558 4019 1665 4091 frg-
1709 4036 1792 4088 1ο,
1836 4036 1920 4091 17,
1956 4019 2021 4088 6,
2062 4035 2145 4088 10,
2183 4036 2270 4088 4ο,
2312 4034 2367 4086 1,
2410 4033 2493 4088 15,
2530 4033 2582 4088 5,
2619 4033 2686 4088 5,

332 4108 463 4164 Liv·
501 4127 592 4181 30.
632 4127 715 4180 12,
752 4111 943 4180 21122,
1005 4127 1092 4182 3ο,
1131 4126 1219 4181 29,
1256 4127 1319 4179 2,
1379 4110 1469 4182 36,
1512 4128 1594 4180 14,
1631 4127 1694 4182 5,
1756 4126 1845 4181 45,
1882 4110 1934 4179 6,
1977 4125 2070 4178 12,
2135 4108 2307 4164 Oros·
2346 4125 2398 4177 4,
2452 4108 2535 4176 18,
2586 4123 2685 4175 21,

333 4198 595 4271 Appian.
632 4200 687 4255 b.
728 4218 774 4254 c.
811 4218 864 4270 4,
901 4218 1001 4270 42,
1051 4218 1103 4273 5,
1141 4202 1237 4271 48,
1297 4199 1424 4255 Lib.
1468 4216 1564 4270 14,
1602 4201 1701 4269 26,
1764 4199 1937 4254 CaeS.
1977 4199 2032 4255 b.
2072 4198 2142 4255 G.
2181 4214 2231 4270 7,
2267 4198 2355 4269 67,
2394 4214 2456 4269 7,
2521 4197 2686 4253 Cass.

336 4287 467 4343 Dio.
505 4288 613 4360 frg.
657 4308 739 4362 17,
777 4306 864 4362 57,
903 4308 1003 4362 73,
1042 4290 1211 4347 Diod.
1239 4289 1347 4361 frg.
1385 4307 1473 4360 34,
1511 4306 1612 4360 23,
1650 4289 1883 4362 Ioseph.
1920 4290 1975 4344 b.
2014 4289 2053 4344 Ι.
2094 4306 2142 4357 1,
2178 4289 2231 4357 8,
2267 4288 2333 4356 6,
2371 4286 2508 4342 Iust.
2548 4286 2687 4358 epit.

332 4395 424 4448 33,
478 4396 525 4449 1,
574 4395 638 4450 5,
699 4379 851 4435 Plut.
886 4380 1060 4436 Aem.
1098 4380 1282 4436 Paull.
1320 4382 1408 4450 26,
1447 4397 1507 4453 7,
1553 4379 1724 4436 CaeS.
1763 4396 1852 4451 53,
1889 4396 1952 4449 3,
2014 4379 2223 4450 Pomp.
2261 4392 2348 4448 20,
2386 4395 2449 4448 4,
2497 4378 2587 4448 36,
2623 4393 2689 4446 2,

332 4466 578 4533 Sueton.
616 4467 769 4541 Aug.
812 4486 907 4540 13,
945 4469 1088 4526 Zon.
1127 4488 1178 4540 9,
1221 4486 1312 4541 13,
1354 4488 1437 4541 10,
1477 4488 1529 4541 4.
