3467 5350
1631 581 2120 629 —100.....

917 756 1155 827 Dono
1184 757 1434 849 captivi
1455 756 1857 826 venumdati
1888 780 2114 847 aeque
2146 774 2231 827 ac'
2260 757 2448 828 servi
2473 758 2620 828 dari
2647 772 2969 849 poterant
2985 763 3051 844 ί).

917 866 1077 935 Non
1144 888 1390 935 omnes
1455 865 1738 956 captivi.
1771 866 2157 951 venierunt,
2224 867 2352 941 sed
2416 866 2639 935 multi‘
2672 867 2830 936 facti
2892 880 3055 937 sunt

702 974 892 1043 servi
923 973 1259 1063 publici2).
1354 972 1490 1041 Alii
1521 972 1586 1041 in
1623 973 1919 1041 classem
1967 972 2054 1041 ad
2104 974 2657 1063 supplementum
2708 974 3049 1064 remigum

704 1081 1048 1152 dabantur
1068 1083 1137 1165 ³),
1205 1080 1313 1149 alii
1379 1080 1665 1170 opifices
1730 1081 1818 1149 ad
1878 1080 2251 1150 ministeria
2312 1081 2467 1150 belli
2515 1104 2799 1171 operam
2850 1105 3055 1152 nava·

703 1190 956 1274 bant4).
1004 1189 1225 1257 Etiam
1275 1188 1668 1257 carnificum
1720 1210 2008 1257 munera
2055 1189 2476 1257 exercebant
2494 1194 2568 1273 ⁵).

916 1296 1205 1364 Addere
1236 1295 1448 1377 iuvat,
1499 1295 1750 1384 quibus
1785 1295 2082 1384 negotiis
2113 1295 2453 1364 interdum
2505 1295 2758 1387 captivi
2805 1296 3054 1366 fuerint

702 1403 1018 1493 occupati
1061 1402 1337 1493 publico
1378 1402 1573 1471 iussu
1605 1403 1719 1471 vel
1767 1402 2040 1493 privato
2089 1402 2397 1471 consilio,
2492 1403 3049 1476 Alexandrum

700 1511 941 1579 Persei
974 1510 1162 1599 regis
1196 1510 1404 1579 filium
1441 1509 1767 1579 tornandi
1806 1510 2296 1598 subtiliumque
2345 1533 2634 1600 operum
2686 1511 3049 1600 egregium

701 1617 1031 1687 artificem
1060 1617 1273 1686 fuisse
1308 1618 1622 1700 tradunt3
1671 1617 2030 1686 Romanas
2061 1618 2322 1687 litteras
2359 1629 2429 1685 et
2462 1639 2857 1687 sermonem
2894 1642 3052 1687 eum

701 1724 1025 1794 didicisse
1055 1737 1124 1794 et
1151 1724 1673 1813 magistratibus
1707 1747 1788 1793 se
1818 1724 2117 1796 scribam
2150 1725 2500 1793 sollertem
2535 1724 2962 1814 praestitisse
2982 1725 3050 1814 ⁰).

699 1831 967 1901 Iubae
1028 1832 1216 1921 regis
1277 1831 1456 1900 filius
1517 1854 1643 1921 per
1691 1831 2154 1921 captivitatem
2234 1831 2448 1901 fertur
2495 1854 2584 1900 ex
2637 1831 2938 1900 Numida
2984 1843 3053 1901 et

700 1939 979 2008 homine
1015 1939 1317 2009 barbaro
1351 1962 1437 2008 eo
1486 1939 1736 2007 ductus
1785 1961 1965 2022 esse,
2013 1950 2089 2007 ut
2134 1938 2313 2007 inter
2359 1938 2803 2008 doctissimos
2838 1939 3053 2009 Grae·

702 2069 942 2115 corum
985 2046 1362 2137 scriptores
1398 2058 1878 2114 numeraretur
1900 2049 1966 2131 ⁷).
2060 2045 2674 2136 Vespasianus
2724 2046 3050 2115 iuvenum

701 2153 1291 2240 validissimorum*
1323 2152 1825 2221 Tarichearum
1875 2152 2067 2222 urbis
2114 2175 2244 2224 sex
2290 2151 2471 2221 milia
2519 2153 2736 2222 electa
2786 2153 3049 2222 Neroni

702 2261 789 2329 ad
863 2261 1195 2330 Isthmum
1268 2259 1469 2342 misit,
1549 2283 1730 2350 quae
1798 2259 2136 2329 destinata
2208 2271 2404 2328 erant
2477 2260 2566 2328 ad
2637 2260 3049 2329 Isthmum

580 2437 584 2442 ,
699 2391 744 2458 p
765 2392 804 2437 e
827 2368 958 2437 rfo
980 2368 1023 2436 d
1044 2368 1120 2436 ie
1140 2391 1183 2436 n
1207 2368 1251 2436 d
1270 2390 1316 2435 u
1335 2390 1399 2436 m
1424 2371 1498 2453 ⁸).
1590 2366 2102 2454 Hierosolymis
2151 2367 2368 2457 captis
2415 2367 2891 2457 Vespasianus
2961 2390 3050 2436 ex

700 2475 1131 2566 captivorum
1174 2474 1603 2543 multitudine
1636 2473 1837 2542 annis
1884 2473 2379 2565 septemdecim
2428 2474 2729 2543 maiores
2776 2475 3050 2545 vinctos

700 2583 789 2651 ad
839 2582 1110 2651 metalla
1156 2581 1550 2651 exercenda
1595 2581 1660 2649 in
1710 2582 2119 2671 Aegyptum
2165 2581 2663 2671 transportavit
2682 2586 2755 2663 ⁹).

913 2691 1088 2760 Dec
1110 2691 1365 2759 ebalu
1386 2712 1420 2757 s
1456 2712 1670 2780 opera
1703 2689 2200 2778 laboribusque
2235 2690 2667 2780 captivorum
2701 2713 2872 2760 usus
2920 2703 3047 2774 est,

700 2812 773 2868 ut
820 2797 1076 2867 flumen
1126 2798 1481 2886 quoddam
1529 2820 1617 2865 ex
1663 2797 1867 2865 alveo
1916 2796 2265 2866 derivaret
2312 2810 2518 2887 atque
2566 2819 2741 2887 opes
2789 2810 3047 2867 vestes·

698 2928 834 2995 que
911 2904 978 2974 in
1057 2906 1426 2996 speluncas
1502 2905 1792 2973 abderet
1815 2908 1917 2992 ¹⁰).
2032 2904 2422 2992 Scythae
2500 2917 2575 2974 ut
2652 2910 3042 2995 Bosporum

695 3024 1125 3104 superarent,
1175 3011 1463 3101 captivis
1511 3011 1897 3101 remigandi
1943 3011 2178 3101 peritis
2227 3013 2315 3080 ad
2364 3012 2880 3101 navigationem
2939 3012 3044 3081 usi

694 3125 988 3206 sunt11).
1085 3119 1539 3210 Captivorum
1589 3118 1868 3207 agmina
1914 3119 2253 3188 Alarici
2320 3119 2599 3188 ossibus
2648 3120 3047 3209 sepulturae

694 3229 923 3297 locum
955 3227 1021 3296 in
1057 3228 1259 3295 alveo
1293 3225 1717 3295 effoderunt¹
1743 3230 1822 3311 2).
1915 3225 2386 3295 Barbarorum
2442 3249 2652 3315 reges
2700 3226 3044 3296 interdum

913 3441 954 3513 ¹)
993 3442 1121 3498 Liv.
1141 3460 1194 3514 3,
1231 3460 1318 3515 57,
1356 3461 1392 3514 3
1404 3460 1421 3512 3
1471 3442 1571 3498 Sil.
1592 3442 1715 3497 Ital.
1754 3460 1806 3513 9,
1842 3441 2084 3515 66-79;
2135 3442 2300 3498 Cass,
2340 3441 2470 3498 Dio.
2508 3459 2595 3543 43,
2633 3460 2721 3514 30,
2759 3459 2819 3514 3;
2875 3441 3048 3498 Dion.

692 3532 825 3588 Hal.
846 3552 897 3605 4,
911 3550 954 3692 ¹1)
961 3550 978 3602 ς
995 3532 1247 3678 {aretz}
1269 3532 1447 3677 Caesa.)
1460 3534 1531 3588 28
1513 3575 1569 3676 <J
1573 3533 1916 3678 gsssellssgiee}
1915 3532 1955 3588 1.
1970 3551 2029 3677 ἒ,
2052 3550 2135 3677 ΙΙο,
2159 3550 2227 3587 10
2236 3550 2251 3602 3
2281 3532 2583 3604 Lamprid.
2606 3532 2778 3587 Alex.
2799 3532 2937 3588 Sev.
2955 3534 3045 3604 58.

908 3711 950 3782 ⁸)
991 3664 1156 3768 Cass.
1196 3641 1475 3783 D,io‡.7'frgf
1515 3713 1600 3781 16,
1636 3664 1725 3784 57,
1764 3729 1835 3782 42
1846 3731 1861 3782 3
1913 3664 1982 3767 cf.
2006 3640 2279 3783 ’Affssigir
2320 3712 2373 3766 b.
2414 3730 2461 3767 c.
2499 3728 2551 3783 5,
2588 3729 2625 3766 2
2635 3729 2651 3781 3
2689 3711 2896 3784 Polyb.
2935 3711 3046 3784 frg.

693 3819 780 3873 Io,
821 3819 1119 3963 17,⁴)Hl·.iv.
1159 3892 1247 3962 26,
1284 3909 1372 3964 47,
1409 3909 1445 3946 2
1457 3908 1472 3961 ;
1510 3892 1718 3964 Polyb.
1756 3891 1865 3963 frg.
1907 3909 1992 3960 10,
2032 3908 2116 3964 17,
2154 3908 2205 3961 9.

907 3980 950 4052 ⁸)
989 3981 1137 4037 Vell.
1157 3981 1389 4039 Patere.
1410 3999 1461 4051 2,
1503 3999 1587 4052 19,
1623 3998 1689 4052 33
1732 3980 1880 4036 Plut.
1902 3980 2048 4037 Mar.
2068 3998 2157 4052 39,
2196 3998 2255 4051 43
2295 3982 2370 4036 de
2391 3979 2502 4037 vir.
2521 3979 2596 4035 ill.
2617 3981 2704 4052 67,
2742 3997 2777 4051 5
2790 3996 2806 4049 ς
2844 3979 3046 4034 Valer.

689 4070 847 4128 Max·
886 4089 951 4231 2⁶,)
979 4072 1375 4217 {gig-Aemil-
1396 4160 1578 4215 Paull.
1598 4177 1687 4232 37,
1712 4177 1774 4231 43
1813 4159 1883 4216 cf.
1906 4160 2079 4217 Oros,
2102 4178 2154 4231 4,
2174 4178 2262 4231 2ο,
2282 4177 2382 4231 39;
2421 4158 2718 4215 Ammian.
2741 4175 2825 4229 14,
2849 4175 2934 4228 11,
2953 4175 3046 4229 31.

909 4248 950 4318 ⁷)
987 4249 1138 4305 Plut.
1179 4248 1348 4304 Caes·
1387 4266 1474 4321 55,
1513 4267 1563 4305 2.
1610 4280 1666 4290 —
1724 4248 1768 4319 ⁸)
1808 4248 2040 4321 Ioseph.
2079 4251 2134 4304 b.
2172 4250 2213 4306 Ι.
2250 4266 2302 4320 3,
2344 4266 2429 4318 10,
2470 4266 2554 4304 10.
2613 4279 2667 4287 —
2722 4248 2769 4318 ⁹)
2808 4247 3044 4318 Ioseph.

691 4339 745 4393 b.-
767 4337 807 4393 Ι.
827 4338 880 4408 6,
916 4356 969 4409 9,
1006 4356 1057 4394 2.
1084 4371 1141 4379 -
1171 4336 1238 4409 ¹⁰)
1281 4339 1445 4395 Cass·
1465 4337 1595 4394 Dio.
1615 4340 1703 4395 68.
1733 4355 1830 4408 143
1868 4339 2014 4395 Zon.
2044 4356 2131 4409 11,
2166 4356 2254 4396 21.
2282 4371 2337 4380 -—
2368 4337 2435 4409 ιι)
2474 4338 2693 4394 Zosim.
2717 4355 2765 4408 1,
2784 4354 2873 4408 33,
2896 4354 2945 4392 1.
2978 4368 3037 4377 —

694 4426 762 4497 ¹¹)
802 4426 952 4482 Iord.
993 4425 1124 4483 Get.
1162 4445 1250 4499 3ο,
1292 4429 1412 4499 158.
