3467 5350
1758 552 2202 639 —54-

801 746 1030 816 facere
1051 752 1121 832 ¹).
1216 745 1472 832 Quanti
1523 757 1799 815 veteres
1848 768 1952 829 ea,
2004 768 2183 836 quae
2232 746 2481 835 captivi
2533 746 2944 835 proferrent,
2994 746 3139 815 iudi-

803 854 1133 936 caverint,
1185 876 1270 922 eo
1312 852 1643 940 sequitur,
1695 853 1888 940 quod
1917 852 2452 941 Vercingetorix
2499 853 2910 943 prodi-tionis
2956 853 3141 921 simu-

804 962 1000 1044 latuS,
1047 972 1122 1028 ut
1153 984 1231 1030 se
1264 959 1687 1042 defenderet,
1732 958 1877 1028 suis
1911 959 2240 1049 produxit
2273 960 2643 1029 nonnullos
2678 973 2941 1050 captOS,
2976 984 3143 1049 quos

802 1067 1164 1136 Romanos
1199 1065 1446 1135 milites
1478 1089 1636 1135 esse
1685 1065 2198 1155 pronuntiabat.
2294 1070 2575 1152 Audite,
2626 1068 2863 1157 inquit,
2911 1073 3146 1135 Romo-

803 1200 924 1241 nos
956 1178 1208 1242 milites,
1298 1177 1632 1241 Producit
1664 1199 1906 1250 servos,
1957 1198 2120 1262 quos
2165 1177 2236 1240 in
2273 1175 2711 1261 pabulatione
2730 1178 2971 1263 paucis
3000 1183 3150 1242 ante

804 1284 1033 1348 diebus
1067 1289 1423 1369 exceperat
1451 1289 1519 1348 et
1543 1285 1746 1369 same
1791 1283 2213 1367 vinculisque
2264 1284 2784 1349 excruciaverat.
2875 1284 2985 1348 Hi
3022 1285 3148 1348 iam

802 1397 963 1456 ante
1026 1386 1254 1464 edocti,
1322 1413 1492 1477 quae
1553 1391 1958 1477 interrogati
1999 1390 2554 1477 pronuntiarent,
2620 1391 2862 1456 milites
2904 1414 2976 1455 se
3022 1413 3153 1456 esse

805 1499 1218 1584 legionarios
1265 1498 1537 1563 dicunt:
1572 1500 1775 1585 fame
1820 1504 1888 1562 et
1930 1497 2152 1583 inopia
2198 1498 2522 1562 adductos
2576 1499 2744 1562 clam
2793 1520 2881 1562 ex
2929 1498 3157 1563 castris

803 1606 1038 1679 exisse,
1086 1607 1153 1670 si
1178 1606 1348 1692 quid
1344 1606 1705 1691 frumenti
1725 1612 1853 1670 aut
1874 1605 2136 1691 pecoris
2167 1605 2240 1668 in
2279 1606 2465 1690 agris
2512 1606 2805 1690 reperire
2838 1611 3151 1691 possent‚·

799 1713 1013 1778 simili
1037 1713 1299 1777 omnem
1333 1713 1705 1777 exercitum
1742 1713 1966 1799 inopia
2003 1712 2237 1798 premi
2275 1735 2398 1776 nec
2444 1713 2577 1776 iam
2626 1712 2803 1777 vires
2846 1714 3156 1799 sufficere

804 1820 1201 1905 cuiusquam
1265 1842 1388 1883 nec
1408 1821 1612 1906 ferre
1671 1820 1887 1906 operis
1934 1819 2225 1884 laborem
2262 1827 2458 1904 posse
2468 1843 2498 1890 ,·
2563 1819 2790 1905 itaque
2848 1820 3157 1884 statuisse

804 1927 1292 2012 imperatorem,
1374 1927 1443 1991 si
1514 1927 1695 1991 nihil
1772 1927 1844 1990 in
1914 1927 2410 2013 oppugnatione
2473 1927 2706 2013 oppidi
2738 1928 3155 2014 profecisset,

804 2034 1028 2099 triduo
1074 2034 1444 2098 exercitum
1492 2035 1823 2099 deducere
1841 2036 1911 2118 ²).
2009 2032 2260 2120 Neque
2308 2032 2673 2121 quisquam
2719 2033 2996 2101 videtur
3044 2033 3158 2101 du-

804 2138 1082 2222 bitasse,
1133 2138 1294 2227 quin
1344 2138 1575 2207 omnia
1625 2139 1711 2207 ab
1761 2139 1867 2209 his
1915 2139 2133 2229 captis
2181 2141 2627 2230 pronuntiata
2668 2163 2840 2209 vera
2887 2153 3126 2210 essent
3140 2164 3156 2222 ;

803 2269 995 2315 nam:
1062 2248 1434 2313 conclamat
1486 2249 1704 2313 omnis
1765 2248 2128 2313 multitudo
2190 2255 2257 2314 et
2313 2273 2435 2315 suo
2496 2272 2682 2316 more
2740 2251 2951 2316 armis
3011 2273 3160 2316 con-

805 2356 1119 2441 crepatss).

1018 2459 1294 2551 Captivi
1327 2460 1382 2530 si
1416 2462 1857 2543 recusabant,
1904 2485 1992 2530 ne
2038 2483 2293 2530 arcana
2340 2463 2738 2552 proderent,
2788 2484 3160 2533 servorum

803 2568 1017 2636 modo
1085 2568 1502 2637 verberibus
1568 2568 2075 2657 tormentisque
2141 2592 2312 2638 vera
2376 2569 2570 2638 fateri
2638 2572 3162 2660 cogebantur⁴).

804 2674 1054 2765 Neque
1113 2673 1406 2744 alienum
1472 2688 1621 2744 erat
1667 2700 1707 2745 a
1756 2675 2051 2746 Graecis
2116 2677 2432 2768 captivos
2497 2678 2918 2752 excruciare.
3014 2678 3161 2749 Sed

805 2783 1006 2851 etiam
1056 2781 1207 2851 fieri
1253 2783 1497 2874 potuit,
1549 2796 1624 2852 ut
1672 2784 1989 2874 captivus
2036 2784 2185 2853 sine
2232 2785 2481 2854 indicio
2529 2785 2728 2855 ullius
2778 2785 2875 2854 rei
2922 2786 2988 2854 in
3028 2797 3164 2854 tor·

803 2889 1052 2959 mentis
1124 2903 1533 2974 moreretur,
1622 2892 1815 2960 velut
1890 2891 2310 2961 Herodorus
2379 2894 2705 2984 princeps
2775 2893 3161 2962 amicorum

804 2997 1134 3067 Demetrii
1155 3003 1227 3083 ⁶).
1323 2995 1571 3088 Neque
1619 2999 1754 3067 hoc
1803 3000 2233 3069 constantiae
2280 3002 2709 3090 praeclarum
2762 3003 3163 3091 exemplum

803 3105 1144 3174 omittam:
1206 3105 1769 3197 Iotapatenorum
1822 3107 2099 3198 quidam
2168 3120 2411 3198 captus
2474 3108 2796 3178 omnibus
2860 3122 3165 3178 tormen·

801 3224 1024 3281 torum
1086 3213 1501 3282 cruciatibus
1565 3213 1956 3298 resistebat,
2022 3227 2109 3298 et,
2175 3238 2332 3285 cum
2382 3216 2591 3284 nollet
2637 3217 2801 3305 igne
2848 3216 3165 3285 adhibito

804 3320 1144 3405 hostibus,
1183 3321 1348 3411 quid
1386 3320 1448 3389 in
1487 3323 1660 3391 urbe
1695 3336 2043 3410 ageretur,
2065 3323 2588 3414 exquirentibus
2608 3322 2929 3414 prodere,
2980 3347 3168 3392 mor-

803 3440 940 3497 tem
989 3429 1317 3498 deridens
1366 3428 1553 3497 cruci
1601 3430 1897 3499 suffixus
1945 3443 2052 3500 est
2074 3435 2145 3521 ⁶).

1019 3535 1268 3625 Pugna
1331 3537 1544 3605 modo
1608 3537 1980 3606 commissa
2027 3560 2295 3619 omnes,
2369 3560 2549 3627 quos
2596 3538 2850 3627 singuli
2912 3539 3164 3608 milites

804 3654 1149 3731 ceperant,
1198 3645 1984 3713 recensebantur.
2080 3643 2382 3712 Primum
2435 3645 2712 3735 quidem
2762 3668 3009 3714 omnes
3058 3669 3164 3714 se-

803 3750 1228 3838 parabantur
1292 3752 1677 3819 secundum
1745 3774 1988 3821 sexum
2017 3753 2080 3842 ⁷).
2176 3753 2410 3841 Atque
2476 3775 2605 3841 pro
2672 3775 2802 3820 sua
2860 3754 3166 3843 quisque

1023 3966 1062 4036 ι)
1102 3965 1272 4022 Caes·
1312 3968 1365 4022 b.
1406 3966 1475 4023 G.
1515 3984 1566 4039 5,
1603 3985 1691 4037 42,
1729 3985 1888 4040 2—5.
1954 4001 2010 4009 -
2075 3967 2116 4037 ²)
2156 3967 2326 4024 Caes.
2365 3970 2420 4024 b.
2459 3968 2528 4024 G.
2568 3987 2618 4040 7,
2656 3986 2745 4038 20,
2781 3968 2976 4024 8-11,

1020 4055 1062 4124 ⁸)
1102 4055 1271 4113 Caes,
1310 4058 1365 4111 b.
1405 4056 1475 4113 G.
1512 4073 1564 4128 7,
1603 4075 1690 4127 21,
1732 4075 1779 4113 1.

1018 4144 1063 4215 ⁴)
1102 4144 1359 4218 Appian.
1400 4147 1453 4202 b.
1495 4163 1542 4203 c.
1581 4163 1632 4218 5,
1672 4165 1771 4220 773
1821 4146 1949 4205 Liv.
1987 4165 2074 4220 27,
2112 4165 2199 4219 43,
2236 4164 2301 4218 33
2341 4146 2601 4204 Frontin.
2639 4155 2879 4219 strateg.
2921 4164 2968 4216 1,
3006 4163 3061 4217 2,
3103 4165 3141 4219 5
3154 4165 3171 4217 ;

804 4234 977 4294 OroS.
1014 4235 1066 4304 6,
1109 4250 1191 4306 19,
1229 4252 1294 4306 3;
1334 4235 1519 4292 Tacit.
1560 4236 1690 4292 hist.
1729 4254 1782 4307 3,
1820 4254 1907 4308 33.

1018 4323 1061 4395 6)
1099 4324 1226 4381 Liv.
1265 4343 1352 4397 40,
1391 4342 1478 4396 23,
1515 4344 1567 4397 9.
1613 4358 1670 4367 —
1714 4326 1760 4396 ⁸)
1800 4327 2031 4400 Ioseph.
2071 4328 2126 4382 b.
2165 4327 2206 4383 I.
2246 4344 2297 4399 3,
2337 4345 2386 4400 7,
2425 4345 2513 4399 33.

1020 4412 1061 4484 ⁷)
1100 4413 1306 4487 Polyb.
1347 4413 1456 4486 srg.
1499 4432 1583 4485 1o,
1625 4433 1709 4488 17,
1750 4416 1804 4472 6.
