3467 5350
1414 597 1671 641 ——II
1791 614 1864 620 --

468 772 798 864 temporis
847 795 1157 862 pressam,
1212 793 1422 860 spero
1472 794 1610 860 ego
1661 794 1771 837 me
1816 769 1940 837 illis
1990 768 2395 858 propediem
2445 766 2818 836 submissu·

469 904 620 949 rum
669 903 846 948 esse.

687 987 1203 1055 Demonstrabo
1252 987 1460 1074 igitur
1505 985 1958 1076 proficiscens
2004 986 2090 1052 ab
2137 983 2626 1071 antiquissimis
2661 995 2821 1051 tem-

474 1095 761 1186 poribus
832 1093 1094 1183 imperii
1165 1092 1463 1160 Romani
1531 1114 1756 1179 usque
1836 1094 1922 1160 ad
1996 1093 2305 1181 quintum
2378 1114 2443 1181 p.
2519 1090 2682 1159 Chr.
2759 1115 2821 1164 n.

469 1202 842 1284 saeculum,
895 1224 1032 1290 qua
1081 1201 1487 1269 condicione
1539 1201 1788 1268 fuerint
1836 1212 1903 1267 et
1950 1199 2013 1282 ii,
2064 1201 2178 1287 qui
2230 1200 2408 1267 bello
2458 1200 2520 1266 in
2574 1199 2821 1267 Roma·

472 1332 718 1378 norum
770 1331 1016 1376 manus
1067 1309 1482 1387 ceciderunt,
1533 1321 1600 1376 et
1631 1308 1929 1376 Romani
1979 1306 2124 1396 ipsi,
2180 1308 2294 1397 qui
2342 1307 2618 1375 fortuna
2665 1307 2823 1374 belli

469 1428 813 1485 venerunt
859 1415 924 1483 in
975 1415 1437 1506 captivitatem
1490 1429 1886 1483 exterarum
1945 1415 2253 1502 gentium
2302 1415 2821 1504 nationumque.

683 1524 989 1592 Primum
1058 1523 1220 1592 mihi
1268 1524 1542 1592 videtur
1610 1547 1768 1591 esse
1832 1523 2219 1605 dicendum,
2297 1522 2548 1613 quibus
2596 1523 2823 1590 modis

471 1631 692 1700 hostis
757 1632 938 1699 bello
1006 1632 1068 1699 in
1136 1631 1599 1721 captivitatem
1667 1630 1953 1714 venerit,
2022 1631 2271 1699 deinde
2338 1652 2518 1718 quae
2581 1630 2825 1719 qualis-

472 1763 607 1829 que
667 1739 869 1808 fuerit
917 1762 1074 1808 sors
1123 1739 1304 1806 bello
1357 1740 1532 1829 capti
1583 1739 1647 1806 in
1698 1738 2095 1829 captivitate
2144 1739 2310 1828 ipsa,
2379 1750 2520 1805 turn
2576 1737 2825 1827 quibus

471 1846 995 1915 condicionibus
1044 1846 1323 1914 libertas
1374 1846 1674 1929 potuerit
1723 1846 1984 1914 restitui
2036 1857 2104 1913 et
2152 1868 2292 1934 quo
2327 1845 2475 1913 iure
2509 1847 2825 1934 captivus

469 1977 508 2022 e
544 1953 861 2022 manibus
897 1953 1196 2022 hostium
1249 1954 1499 2022 missus
1551 1977 2021 2043 reversusque
2071 1953 2134 2020 in
2184 1952 2475 2043 patriam
2518 1974 2687 2020 usus
2719 1952 2823 2020 sit.

471 2061 708 2148 Atque
757 2060 822 2128 in
891 2084 1029 2128 una
1101 2083 1380 2149 quaque
1451 2072 1648 2150 parte
1719 2060 1922 2128 huius
1974 2058 2420 2149 quaestioniS,
2493 2071 2835 2147 quantum.

472 2189 785 2256 possum,
837 2190 1093 2256 sequar
1142 2179 1534 2257 temporum
1588 2167 1925 2239 ordinem.
