3467 5350
1322 613 1767 684 *13*

368 793 428 866 si
493 791 766 865 bellum
813 806 1076 863 temere
1122 792 1439 883 incipitur
1487 803 1604 861 aut
1650 791 1799 860 sine
1847 791 2027 860 iusta
2075 811 2286 860 causa
2334 787 2565 860 subito
2616 788 2723 859 cui

371 905 659 972 infertur
707 916 855 985 aut,·
892 914 969 970 ut
1016 902 1301 969 brevius
1350 901 1596 984 dicam,
1646 900 1896 968 iustum
1950 921 2090 966 non
2138 912 2263 968 est.
2345 898 2548 983 Quae
2582 922 2725 967 vox

369 1011 598 1079 belli
647 1009 863 1078 iusti
910 1009 1318 1099 saepissime
1353 1010 1438 1076 ab
1475 1007 1771 1097 antiquis
1824 1007 2224 1075 auctoribus
2266 1007 2722 1092 adhibetur¹).

376 1118 819 1187 Contrarium
869 1117 1047 1185 bello
1097 1117 1275 1184 iusto
1325 1130 1429 1184 est
1477 1115 1917 1184 iniustum
1949 1122 2020 1197 2).

584 1243 930 1313 Iustum
991 1244 1365 1323 bellum,
1416 1242 1745 1331 quidnam
1795 1243 1900 1325 sit,
1955 1265 2134 1310 nunc
2170 1265 2589 1331 quaeramus
2638 1265 2726 1310 ex

371 1351 777 1419 testimoniis
827 1363 1160 1418 veterum.
1258 1350 1568 1418 Isidorus
1619 1350 1797 1438 orig.
1838 1351 1936 1432 18,
1980 1373 2035 1433 1,
2068 1373 2111 1417 2
2173 1351 2343 1417 haec
2414 1350 2724 1439 exponit:

370 1458 726 1545 Quattuor
793 1466 1018 1526 autem
1088 1467 1251 1526 sunt
1286 1481 1554 1547 genera
1603 1459 1946 1540 bellorum,
2024 1458 2101 1524 id
2142 1466 2245 1525 est
2287 1460 2559 1540 iustum,
2633 1459 2726 1525 in-

370 1568 646 1648 iustum,
696 1567 883 1633 civile
916 1575 980 1633 et
1010 1567 1176 1654 plus
1209 1589 1418 1655 quam
1467 1567 1673 1633 civile.
1772 1565 2039 1633 Iustum
2084 1564 2325 1632 bellum
2374 1572 2492 1645 est,
2544 1564 2735 1653 quod

367 1697 450 1741 ex
482 1674 842 1762 praedicto
873 1675 1216 1762 ingeritur
1250 1674 1334 1740 de
1367 1673 1570 1741 rebus
1602 1674 1902 1761 repetitis
1935 1680 2060 1739 aut
2086 1672 2727 1760 propulsandorum

366 1782 661 1849 hostium
694 1805 928 1848 causa.
1023 1780 1362 1848 Iniustum
1410 1780 1653 1848 bellum
1701 1788 1821 1862 est,
1896 1779 2085 1868 quod
2126 1779 2209 1846 de
2237 1780 2518 1866 furore,
2591 1803 2728 1846 non

365 1889 448 1956 de
471 1889 779 1978 legitima
807 1890 1071 1955 ratione
1100 1890 1327 1967 initur,
1379 1889 1462 1954 de
1511 1911 1644 1976 quo
1689 1888 1759 1954 in
1792 1886 2151 1975 republica
2192 1885 2419 1954 Cicero
2451 1886 2627 1954 dixit
2644 1890 2725 1969 3).

365 1995 498 2062 Illa
545 1997 800 2063 iniusta
849 1995 1019 2063 bella
1068 2003 1246 2076 sunt,
1299 2018 1474 2084 quae
1523 2003 1687 2062 sunt
1740 1996 1886 2061 sine
1918 2018 2131 2062 causa
2164 2002 2520 2082 suscepta,·
2566 2019 2729 2062 nam

373 2111 569 2169 extra
617 2102 989 2169 ulciscendi
1016 2110 1139 2168 aut
1169 2102 1809 2190 propulsandorum
1841 2102 2137 2169 hostium
2170 2125 2454 2170 causam
2486 2101 2729 2169 bellum

365 2211 534 2298 geri
594 2211 848 2277 iustum
918 2210 1179 2276 nullum
1236 2217 1486 2297 potest.
1581 2208 1677 2276 Et
1743 2209 1865 2276 hoc
1934 2210 2110 2276 idem
2174 2209 2433 2277 Tullius
2479 2211 2730 2297 parvis

374 2317 737 2383 interiectis
783 2315 1118 2384 subdidit.-
1190 2316 1475 2383 Nullum
1524 2316 1768 2384 bellum
1811 2318 2064 2384 iustum
2111 2316 2399 2384 habetur
2443 2318 2583 2383 nisi
2623 2317 2728 2383 de-

375 2424 783 2501 nuntiatum,
847 2424 989 2490 nisi
1028 2425 1374 2502 indictum,
1443 2425 1584 2491 nisi
1622 2425 1918 2513 repetitis
1986 2423 2206 2491 rebus.
2326 2422 2578 2492 Cicero
2643 2425 2730 2491 de

367 2532 632 2620 republ.
683 2553 745 2613 2,
797 2553 920 2619 31:
1016 2531 1299 2617 (Tullus
1345 2531 1721 2615 Hostilius)
1749 2585 1763 2599 .
1800 2589 1814 2603 .
1865 2533 2337 2620 constituitque
2400 2532 2531 2609 ius,
2597 2555 2730 2620 quo

373 2638 544 2707 bella
610 2640 1087 2723 indicerentur,
1151 2641 1342 2730 quod
1387 2650 1521 2729 per
1574 2663 1647 2708 se
1693 2640 2060 2708 iustissime
2109 2641 2453 2708 inventum
2500 2641 2735 2707 sanxit

355 2748 600 2834 fetiali
624 2748 974 2837 religione,
1022 2757 1100 2816 ut
1129 2772 1325 2816 omne
1356 2748 1618 2831 bellum,
1667 2748 1858 2837 quod
1880 2747 2351 2815 denuntiatum
2385 2748 2731 2815 indictum—

377 2877 505 2942 que
566 2878 701 2922 non
750 2864 942 2937 esset,
1011 2857 1089 2922 id
1152 2859 1477 2923 iniustum
1541 2880 1688 2924 esse
1736 2864 1942 2945 atque
1987 2857 2242 2944 inpium
2289 2856 2728 2923 iudicaretur.

372 2958 623 3028 Cicero
694 2962 781 3029 de
858 2962 975 3029 off.
1035 2986 1088 3045 1,
1139 2964 1256 3051 36:
1329 2961 1517 3031 Belli
1580 2964 1852 3053 quidem
1923 2965 2237 3052 aequitas
2304 2964 2731 3031 sanctissime

362 3068 608 3154 fetiali
633 3070 878 3157 populi
917 3068 1222 3137 Romani
1274 3072 1424 3137 iure
1457 3073 1846 3159 perscripta
1894 3079 2013 3139 est.
2090 3070 2201 3140 Ex
2251 3094 2385 3160 quo
2432 3071 2739 3159 intellegi

367 3183 598 3262 potest
641 3176 903 3243 nullum
951 3175 1191 3244 bellum
1239 3200 1386 3244 esse
1432 3180 1707 3260 iustum,
1756 3180 1898 3245 nisi
1937 3179 2125 3268 quod
2152 3187 2276 3246 aut
2322 3177 2523 3245 rebus
2553 3188 2729 3266 repe-

374 3283 514 3349 titis
573 3291 877 3372 geratur
945 3293 1067 3351 aut
1133 3286 1603 3352 denuntiatum
1673 3294 1830 3354 ante
1898 3288 1991 3354 sit
2054 3294 2119 3353 et
2159 3287 2501 3353 indictum.
2597 3285 2725 3353 His

375 3389 784 3459 testimoniis
862 3390 1328 3479 cognovimus
1405 3394 1617 3460 haec:
1712 3392 1973 3461 Iustum
2050 3406 2124 3461 ut
2196 3406 2382 3461 esset
2451 3392 2725 3476 bellum,

374 3520 665 3567 necesse
714 3511 861 3567 erat
910 3499 1346 3588 indiceretur,
1416 3500 1771 3590 clarigatio
1820 3501 2038 3582 fieret,
2088 3500 2386 3569 hostium
2437 3500 2724 3589 irruptio

589 3754 638 3821 ¹)
699 3753 816 3809 Cio.
843 3753 954 3824 leg.
996 3771 1047 3824 3,
1084 3772 1144 3824 93
1186 3754 1283 3810 off.
1327 3772 1372 3823 1,
1412 3757 1508 3825 363
1547 3754 1749 3811 Isidor.
1782 3754 1926 3825 orig.
1970 3757 2051 3825 18,
2095 3774 2140 3825 1,
2179 3772 2238 3824 23
2279 3756 2449 3811 Oros,
2476 3773 2527 3826 5,
2553 3772 2640 3823 22,
2671 3773 2729 3827 7;

367 3839 595 3913 πόλεμος
633 3840 839 3903 δίκαιοςε
881 3842 1047 3897 Diod.
1077 3843 1184 3914 frg.
1222 3846 1273 3914 8,
1312 3862 1400 3914 22,
1439 3861 1498 3914 33
1537 3844 1645 3915 frg.
1684 3846 1772 3914 28,
1810 3862 1869 3915 3;
1908 3862 1995 3915 32,
2032 3862 2092 3916 53
2130 3844 2353 3917 πόλεμος
2390 3844 2649 3918 ἀναγκαῖός
2676 3865 2729 3899 τε

369 3925 448 3982 καὶ
486 3929 693 3992 δίκαιοςε
733 3932 902 3987 Dion.
934 3933 1061 3988 Hal.
1103 3951 1153 4003 3,
1193 3951 1252 4004 3;
1291 3951 1342 4004 3,
1380 3951 1444 4005 5;
1485 3932 1620 3995 ὅσιος
1655 3928 1733 3987 καὶ
1773 3932 1977 3994 ὃίκαιοςε
2018 3934 2184 3989 Dion.
2217 3934 2349 3990 Hal.
2380 3954 2430 4007 7,
2469 3953 2529 4004 23
2569 3933 2728 3996 ὅσιοςε

375 4018 545 4073 Dion.
584 4019 716 4076 Hal.
759 4039 841 4091 10,
880 4039 967 4092 23.

591 4107 633 4175 ²)
693 4109 809 4165 Cic.
839 4112 914 4165 de
940 4128 1061 4183 rep.
1100 4129 1152 4182 2,
1190 4130 1286 4183 31;
1326 4112 1382 4167 in
1423 4112 1632 4169 Caecil.
1663 4113 1898 4170 divinat.
1936 4115 2003 4168 61
2016 4131 2031 4182 ;
2070 4113 2267 4170 Valer.
2296 4114 2451 4171 Max.
2479 4133 2529 4184 2,
2558 4134 2606 4187 7,
2639 4132 2702 4186 15
2713 4132 2728 4184 ;

373 4196 547 4254 Oros,
587 4215 637 4268 5,
677 4216 727 4269 5,
772 4216 861 4269 13;
920 4199 1119 4256 Isidor.
1178 4201 1323 4272 orig.
1383 4205 1463 4273 18,
1508 4221 1554 4273 1,
1593 4221 1652 4272 23
1709 4202 1952 4264 ἄσπονδος
2004 4198 2081 4256 καὶ
2138 4201 2435 4276 ἁκήρυκτοςε
2475 4205 2728 4277 Appian.

373 4285 576 4342 Samn.
614 4306 665 4358 4,
704 4305 763 4355 23
804 4286 986 4349 ἀδίκως
1021 4288 1281 4361 πολεμεῖνε
1341 4290 1510 4347 Diod.
1550 4292 1656 4363 frg.
1696 4310 1782 4362 30,
1821 4310 1880 4361 23
1933 4290 2123 4353 ἄδικοςε
2172 4292 2340 4349 Dion.
2381 4294 2504 4349 Hal·
2544 4313 2593 4363 2,
2635 4312 2729 4366 723

369 4381 558 4448 χειρῶν
596 4373 800 4433 cizinum:
841 4377 1044 4450 Polyb.
1084 4378 1190 4449 frg.
1236 4397 1315 4450 15,
1354 4383 1405 4450 8,
1443 4400 1493 4436 2.

590 4465 631 4534 ⁸>
690 4484 740 4537 3,
780 4484 866 4538 35-
