3467 5350
1338 568 1777 635 „75-

384 742 847 811 discoloribus
895 742 961 812 in
1011 742 1219 812 armis
1275 754 1612 831 argenteo
1662 753 1995 832 carpento
2046 752 2289 811 vectus
2338 753 2462 825 est,
2513 741 2734 830 qualis

383 862 824 940 pugnaverat
846 854 914 935 ¹).
1030 850 1107 919 In
1176 850 1525 939 triumpho
1596 847 1863 917 Luculli
1931 850 2018 916 de
2091 847 2485 917 Mithridate
2577 859 2732 917 acto

384 958 650 1049 equites
717 957 1134 1048 cataphracti
1199 957 1892 1047 conspiciebantur2).
1987 956 2060 1024 In
2123 955 2411 1046 Pompei
2477 978 2735 1045 pompa

384 1072 467 1149 (a.
492 1067 574 1134 61
614 1089 672 1139 a.
704 1065 896 1150 Chr.)
934 1088 1023 1133 ex
1056 1064 1484 1133 multitudine
1518 1064 1949 1154 captivorum
1986 1086 2067 1132 ac
2102 1062 2474 1153 piratarum
2525 1085 2731 1131 nemo

384 1173 655 1242 vinctus
704 1185 872 1255 erat,
922 1173 1050 1241 sed
1099 1194 1232 1241 suo
1277 1172 1571 1262 quisque
1618 1172 1845 1261 patrio
1894 1172 2079 1240 cultu
2127 1171 2421 1240 vestitus
2469 1170 2734 1239 incede·

381 1282 498 1349 bat
515 1283 587 1365 3).
680 1280 993 1349 Vestium
1047 1279 1346 1349 varietas
1409 1291 1477 1348 et
1539 1280 1976 1370 pulchritudo
2038 1280 2225 1348 haud
2271 1301 2478 1348 secus
2523 1289 2732 1366 atque

381 1389 600 1457 forma
636 1387 1054 1476 habitusque
1089 1410 1461 1478 corporum
1499 1387 1743 1457 oculos
1778 1386 2082 1456 omnium
2130 1389 2199 1455 in
2248 1409 2326 1455 se
2376 1397 2731 1454 converte·

381 1497 548 1564 bant
571 1498 643 1580 ⁴).

595 1601 780 1670 Dum
830 1602 1219 1693 triumphus
1263 1614 1549 1671 senatus
1597 1602 1919 1671 consulto
1966 1600 2371 1691 impetratus
2421 1611 2548 1682 est,
2617 1599 2731 1667 im—

381 1721 661 1800 perator
694 1732 849 1777 cum
884 1710 1148 1799 praeda
1180 1722 1247 1778 et
1281 1710 1571 1800 captivis
1605 1721 1764 1777 ante
1797 1721 2037 1799 portas
2073 1710 2303 1777 stabat
2323 1709 2389 1798 ὅ).
2440 1707 2731 1776 Honore

380 1818 742 1908 impetrato
793 1817 1064 1907 captivi,
1114 1830 1190 1886 ut
1235 1817 1368 1886 iam
1419 1818 1734 1908 exposui,
1809 1830 1969 1886 ante
2016 1839 2291 1885 currum
2344 1815 2731 1907 proficisce-

384 1927 655 2008 bantur,
704 1926 831 1993 sed
880 1925 969 1992 ad
1001 1917 1419 2014 Capitolium
1467 1948 1609 1994 non
1658 1925 2149 1994 ascendebant.
2245 1923 2423 1993 Cum
2458 1924 2546 1991 de
2577 1923 2732 1991 foro

379 2033 446 2100 in
473 2032 893 2122 Capitolium
945 2055 1190 2101 currus
1238 2031 1519 2102 flectere
1566 2031 1913 2122 incipiunt,
1966 2031 2216 2122 captivi
2263 2031 2328 2099 in
2379 2054 2730 2101 carcerem

382 2139 814 2228 ducunturss).
907 2143 1234 2228 Idemque
1281 2143 1439 2216 αἰὲς,
1491 2139 1680 2209 addit
1707 2139 1961 2208 Cicero
1984 2143 2051 2224 ⁷),
2103 2147 2171 2205 et
2211 2141 2568 2206 victoribus
2612 2142 2731 2206 im-

369 2249 558 2335 perii
575 2254 643 2313 et
661 2249 852 2313 vz'ctzlv
875 2249 1052 2313 vitae
1056 2251 1286 2335 finem
1296 2250 1493 2335 facit.
1563 2247 1726 2333 Quo
1753 2246 2148 2315 testimonio
2176 2245 2502 2334 colligere
2529 2246 2730 2315 nobis

381 2376 518 2421 non
552 2353 708 2422 licet
736 2377 813 2422 re
838 2377 1010 2422 vera
1042 2377 1308 2438 omnes,
1344 2353 1457 2443 qui
1491 2355 1556 2423 in
1590 2354 1940 2443 triumpho
1976 2353 2161 2421 ducti
2192 2365 2354 2421 sunt
2383 2352 2488 2421 vel
2520 2374 2731 2442 reges

379 2461 493 2528 vel
538 2460 901 2550 principeS,
955 2474 1240 2530 necatos
1275 2484 1454 2530 esse.
1548 2461 1913 2550 Appianus
1931 2464 1978 2545 ⁸)
2029 2458 2527 2549 triumphantes
2576 2483 2731 2528 con·

379 2589 627 2637 suesse
676 2581 907 2637 narrat
957 2570 1198 2637 hostes
1247 2569 1310 2637 in
1364 2569 1712 2659 triumpho
1763 2579 1959 2637 actos
2007 2590 2257 2636 necare
2279 2571 2349 2652 ⁹).
2444 2566 2729 2636 Rectius

382 2677 536 2745 dico
584 2674 734 2745 fieri
781 2677 1114 2767 potuisse,
1188 2690 1264 2746 ut
1318 2678 1407 2746 ad
1455 2689 1765 2746 mortem·
1801 2678 2223 2745 ducerentur
2268 2675 2334 2744 in
2383 2674 2728 2766 triumpho

382 2784 534 2867 acti,
583 2785 707 2853 sed
741 2784 1041 2854 Romani
1075 2787 1162 2854 ab
1197 2786 1330 2854 hoc
1366 2788 1595 2875 patrio
1629 2809 1810 2851 more
1836 2783 2118 2874 saepius
2172 2796 2613 2853 recesserunt
2632 2788 2731 2869 ¹⁰).

383 2892 689 2961 Patrium
758 2916 1025 2962 morem
1091 2893 1304 2963 fuisse
1370 2905 1663 2962 testatur
1728 2892 2089 2982 IosephuS‚
2164 2914 2321 2960 cum
2392 2893 2480 2959 ad
2547 2891 2731 2959 Iovis

383 2997 748 3088 Capitolini
784 3001 1114 3091 templum
1146 3001 1519 3083 venissent,
1569 3013 1643 3068 ut
1674 2999 2085 3069 consisteret
2135 2998 2524 3089 triumphus
2572 3021 2730 3088 pau-

382 3105 611 3196 lisper,
668 3107 831 3176 dum
883 3108 1136 3177 caedes
1184 3108 1483 3177 hostiurn
1533 3107 1858 3197 principis
1909 3106 2469 3190 nuntiaretur11).
2565 3106 2729 3190 Quo

382 3213 563 3282 facto
626 3215 943 3304 coepisse
990 3214 1353 3284 Romanos
1420 3238 1619 3284 sacra
1675 3216 1924 3288 facere.
2018 3214 2094 3284 Si
2143 3237 2270 3303 per
2337 3216 2729 3304 complures

383 3321 533 3390 dies
580 3321 1062 3391 celebrabatur
1107 3323 1495 3412 triumphus
1544 3323 1676 3391 alio
1726 3323 1837 3391 die
1883 3322 2086 3411 signa
2116 3323 2547 3410 tabulasque,
2597 3322 2728 3391 alio

384 3450 596 3511 arma,
614 3430 971 3519 pecuniam
995 3429 1381 3499 transvexit
1399 3429 1795 3519 imperator,
1813 3430 1946 3499 alio
1970 3429 2282 3520 captivos
2296 3429 2628 3499 ostendit¹
2650 3433 2728 3514 2).

382 3535 674 3604 Exstant
762 3536 965 3605 etiam
1066 3536 1391 3627 triumphi
1474 3538 1622 3606 sine
1701 3537 1991 3628 captivis
2072 3537 2204 3606 acti
2225 3539 2327 3625 1²³).
2456 3536 2733 3606 Scilicet

382 3665 510 3711 eos
571 3655 832 3712 tantum
907 3644 1221 3734 captivos
1297 3644 1362 3712 in
1431 3644 1777 3734 triumpho
1838 3645 2230 3734 producere
2289 3644 2543 3713 licitum
2603 3655 2730 3727 est,

383 3773 565 3839 quos
641 3750 1100 3842 triumphator
1185 3752 1335 3843 ipse
1411 3752 1689 3821 fecerat.
1772 3752 2148 3843 Pompeius
2226 3752 2290 3820 in
2383 3751 2732 3842 triumpho

603 3967 642 4034 ¹)
681 3967 833 4023 Flor.
852 3986 904 4039 3,
942 3986 995 4038 2,
1033 3986 1083 4040 5.
1129 4001 1185 4009 —-
1233 3968 1275 4038 ²)
1313 3969 1462 4025 Plut.
1482 3968 1621 4023 Luc.
1643 3986 1730 4040 37,
1770 3986 1822 4039 3.
1866 4001 1922 4009 —
1971 3968 2012 4039 ⁸)
2050 3967 2727 4041 Appian.Mithr.116.—

381 4057 428 4127 ⁴)
471 4056 539 4111 cf.
578 4056 807 4129 Ioseph.
846 4059 901 4113 b.
940 4058 980 4115 Ι.
1019 4076 1070 4130 7,
1108 4075 1159 4129 5,
1197 4075 1248 4129 5.
1295 4091 1351 4098 —
1409 4056 1452 4128 Ι5)
1491 4058 1618 4113 Liv.
1657 4075 1747 4128 39,
1784 4077 1836 4129 4,
1875 4076 1924 4131 7.
1972 4091 2028 4099 —
2074 4056 2116 4127 ⁶)
2157 4057 2226 4114 cf.
2264 4057 2409 4113 Zon.
2449 4075 2499 4129 7,
2535 4074 2623 4112 21.
2668 4089 2725 4099 -

384 4145 429 4215 ¹¹)
467 4145 527 4200 in
582 4145 835 4200 Verrem
872 4163 923 4217 5,
961 4165 1047 4219 77.
1095 4176 1149 4186 —
1214 4145 1257 4217 8)
1296 4146 1489 4202 Mithr.
1550 4165 1668 4219 107.
1715 4178 1771 4186 —
1835 4147 1879 4218 ⁹)
1920 4147 1988 4203 cf.
2044 4146 2301 4220 Appian.
2356 4146 2549 4202 Mithr.
2600 4163 2731 4217 1053

380 4235 511 4291 Liv.
550 4253 674 4308 per.
713 4237 811 4308 67;
849 4235 1088 4292 Sueton.
1127 4236 1327 4293 Tiber.
1366 4255 1453 4292 20.
1500 4270 1557 4278 —-
1607 4237 1673 4309 ιο)
1714 4238 1786 4294 cf.
1823 4239 1887 4295 P.
1914 4238 2138 4311 Meyer.
2169 4255 2225 4309 p.
2262 4255 2349 4309 90.
2396 4270 2451 4278 —
2500 4235 2566 4304 ¹¹)
2605 4236 2660 4290 b.
2691 4235 2730 4291 I.

383 4344 435 4398 7,
474 4343 525 4397 5,
564 4327 615 4382 6.
661 4354 718 4366 —
768 4325 833 4395 ¹²)
871 4326 917 4380 F
921 4325 1026 4382 lor.
1066 4343 1116 4395 2,
1158 4344 1242 4396 12,
1284 4344 1381 4398 133
1418 4328 1763 4385 Plut.Aem.
1801 4329 1983 4384 Paull.
2021 4344 2118 4399 33;
2156 4344 2251 4399 343
2290 4326 2459 4382 Diod.
2498 4324 2606 4397 frg.
2643 4341 2734 4396 31,

377 4419 432 4490 8,
462 4434 557 4474 -11·
604 4446 658 4454 -
710 4415 774 4489 ¹⁸)
814 4415 942 4474 Liv·
980 4433 1069 4489 31,
1108 4433 1194 4487 49,
1234 4434 1298 4488 33
1336 4434 1422 4489 40,
1460 4418 1547 4490 38,
1585 4435 1648 4487 95
1686 4434 1774 4488 45,
1811 4434 1898 4487 42,
1936 4434 1987 4471 2·
