3467 5350
1419 520 1860 608 „37-

465 728 625 784 sunt
659 716 745 783 ad
789 715 1042 807 palum,
1093 714 1313 804 virgis
1360 717 1570 797 caesi,
1618 714 1847 784 securi
1894 713 2225 804 percussi,
2276 713 2471 783 tracti
2518 713 2678 781 inde
2724 712 2813 780 de

464 822 692 891 medio
755 845 1020 904 omnes,
1084 823 1282 891 locus
1328 822 1479 911 ipse
1526 823 1962 913 purgabatur
1982 826 2051 907 ¹).
2144 821 2409 890 Eodem
2475 819 2605 903 die,
2671 843 2811 909 quo

464 930 529 997 in
563 930 909 1020 triumpho
944 930 1380 998 ducebantur
1412 929 1682 1019 captivi,
1736 928 1967 997 necari
1998 929 2318 998 solebant
2341 932 2411 1013 ¹).
2478 927 2623 998 Sed
2656 949 2813 995 mos

464 1060 601 1106 non
649 1050 817 1121 erat,
882 1050 958 1106 ut
1019 1060 1226 1125 reges
1287 1037 1514 1106 securi
1560 1048 2108 1129 percuterentur.
2204 1035 2624 1125 Antigonus,
2688 1058 2813 1104 rex

462 1144 877 1213 Iudaeorum
909 1185 998 1195 —-
1030 1144 1110 1227 is,
1172 1144 1289 1234 qui
1337 1143 1403 1212 in
1451 1142 1741 1213 Antonii
1787 1166 2034 1213 manus
2082 1142 2400 1234 pervenit
2429 1189 2520 1199 —
2549 1141 2813 1234 primus

462 1249 673 1320 fuisse
703 1250 939 1333 fertur,
992 1250 1107 1339 qui
1137 1250 1576 1320 Antiochiam
1614 1252 1995 1342 perductus
2028 1251 2164 1319 hoc
2195 1248 2507 1340 supplicii
2553 1271 2813 1338 genere

462 1356 670 1426 vitam
720 1357 940 1426 finivit
955 1360 1025 1442 ⁸).

675 1482 996 1551 Alterum
1052 1481 1365 1574 supplicii
1427 1504 1656 1571 genus
1719 1494 1866 1551 erat
1913 1480 2557 1570 strangulatiO,
2634 1502 2814 1568 quae

462 1588 674 1657 fiebat
718 1587 786 1656 in
835 1611 1116 1658 carcere
1140 1592 1210 1671 ⁴).

676 1712 942 1782 Cruci
1006 1712 1192 1802 affigi
1261 1735 1601 1782 summam
1671 1715 2053 1802 praebebat
2118 1711 2599 1801 ignominiam:
2680 1712 2814 1780 hoc

461 1833 608 1889 erat
654 1843 822 1889 vere
883 1821 1135 1889 servile
1196 1819 1627 1909 supplicium.
1719 1820 1946 1903 Servi,
2020 1819 2137 1911 qui
2198 1819 2573 1889 rebellione
2636 1819 2815 1887 facta

463 1928 949 2019 comprehensi
993 1940 1210 2011 erant,
1259 1928 1585 2011 latroneS,
1635 1929 2052 2018 praedones,
2101 1928 2456 2019 perfugae,
2504 1927 2806 2018 specula·

461 2047 651 2104 tores
736 2035 996 2124 recepti
1083 2034 1260 2104 affici
1337 2036 1659 2104 solebant
1733 2036 1864 2104 hac
1941 2059 2170 2127 poena
2188 2041 2257 2121 ⁵).
2380 2035 2620 2124 Itaque
2699 2058 2814 2103 no·

463 2166 624 2211 vum
696 2157 844 2211 erat
911 2155 1120 2231 atque
1182 2142 1585 2226 inauditum,
1654 2144 1844 2233 quod
1905 2143 2160 2212 Florus
2230 2143 2508 2232 quidam
2571 2143 2810 2212 Hiero-

460 2249 748 2337 solymis
813 2250 1005 2319 viros
1067 2250 1413 2339 equestris
1478 2250 1741 2320 ordinis
1809 2250 1994 2319 cruci
2041 2249 2274 2334 affixit,
2338 2273 2633 2339 quorum
2686 2250 2812 2319 etsi

462 2357 664 2446 origo
711 2357 1008 2441 Iudaica,
1058 2356 1357 2446 dignitas
1405 2370 1633 2427 tamen
1683 2370 1834 2426 erat
1879 2357 2220 2430 Romana.
2312 2357 2651 2448 Iosephus
2701 2358 2810 2425 ad·

461 2464 557 2532 dit
627 2466 760 2534 hoc
830 2465 1087 2533 nullum
1151 2465 1544 2534 Romanum
1619 2466 1809 2556 prius
1879 2488 2181 2554 unquam
2243 2487 2402 2535 esse
2471 2487 2716 2533 ausum
2738 2468 2808 2548 ο).

465 2571 811 2640 Crucibus
882 2594 1223 2663 persaepe
1297 2576 1401 2641 usi
1470 2584 1633 2641 sunt
1689 2573 2166 2662 Vespasianus
2237 2584 2305 2641 et
2364 2571 2584 2653 Titus,
2653 2594 2807 2641 cum

463 2679 761 2748 Iudaeos
810 2702 1082 2748 summa
1109 2680 1177 2748 vi
1224 2703 1477 2770 pacare
1523 2693 1686 2750 sunt
1733 2681 1980 2750 conati.
2076 2681 2325 2769 Neque
2372 2693 2634 2748 certum
2683 2692 2810 2763 est,

464 2809 548 2855 an
612 2787 700 2854 ad
764 2787 940 2855 hanc
990 2788 1459 2856 crudelitatem
1510 2788 1948 2871 recesserint,
2016 2788 2205 2876 quod
2254 2787 2487 2856 Iudaei
2540 2786 2814 2856 resiste-

465 2896 628 2962 bant
697 2894 1073 2984 pertinacia
1145 2896 1446 2984 quadam
1517 2895 1825 2964 omnium
1898 2895 2220 2986 opinione
2292 2894 2814 2964 vehementiore

463 3013 670 3091 atque
702 3001 959 3070 ultimis
993 3015 1254 3071 tantum
1293 3001 1615 3071 remediis
1652 3003 1738 3070 ad
1790 3001 2206 3071 deditionem
2258 3013 2581 3092 poterant
2629 3001 2808 3091 cogi.

460 3108 1019 3198 Iotapatenorum
1055 3096 1412 3179 cuiusdam
1446 3108 2042 3201 perseverantiam
2075 3121 2143 3177 et
2176 3108 2631 3177 constantiam
2675 3107 2809 3177 iam

679 3307 719 3377 ¹)
756 3307 885 3363 Liv.
923 3308 1010 3362 28.
1049 3324 1137 3377 29,
1179 3324 1261 3362 11.

676 3396 718 3466 ²)
758 3395 878 3453 Cic.
935 3396 994 3451 in
1031 3396 1202 3451 Verr.
1240 3413 1292 3467 5,
1349 3414 1418 3469 77
1432 3413 1447 3466 ;
1502 3395 1631 3451 Liv.
1671 3413 1797 3468 per.
1839 3412 1934 3465 11,
1992 3395 2156 3452 Cass„
2184 3394 2313 3450 Dio.
2352 3411 2440 3467 51,
2496 3413 2548 3465 2,
2603 3411 2666 3463 2,
2723 3411 2810 3465 40,

459 3503 546 3555 41,
582 3503 646 3557 35
675 3504 781 3645 ,ᾗ
815 3503 897 3557 19,
935 3502 1009 3628 45t
1037 3485 1268 3630 Ifsgph·
1308 3488 1362 3541 b·
1401 3486 1442 3541 1.
1479 3487 1623 3630 6'1291'
1654 3502 1904 3629 {¹³X't5'
1939 3486 1991 3629 ἓ·

785 3593 869 3630 OS.
908 3592 1025 3630 an.
1090 3592 1128 3630 u
1173 3616 1185 3630 .
1229 3591 1312 3646 15,
1354 3593 1401 3644 1,
1439 3592 1506 3645 2,
1614 3592 1691 3630 ιι.
1790 3591 2086 3646 n.3,2.

673 3663 718 3734 ⁴)
756 3664 885 3719 Liv.
924 3665 1012 3734 26,
1054 3682 1137 3735 13,
1180 3681 1273 3737 15,
1330 3665 1459 3720 Liv.
1498 3683 1623 3737 per.
1661 3666 1764 3737 67,
1820 3665 2063 3738 Eutrop.
2102 3682 2153 3735 4,
2189 3681 2281 3734 20,
2318 3680 2382 3733 2,
2432 3681 2484 3734 4,
2521 3681 2610 3736 27,
2646 3664 2712 3733 6,
2762 3680 2814 3735 7,

463 3754 546 3823 18,
594 3754 714 3825 516,
771 3753 1028 3826 Appian,
1065 3754 1261 3809 Mithr.
1302 3772 1405 3827 105
1419 3772 1435 3824 ,
1493 3754 1687 3811 Strab.
1731 3773 1813 3827 14,
1856 3773 1903 3825 1,
1950 3755 2023 3826 38
2059 3773 2118 3827 p.
2154 3754 2290 3825 6465
2348 3754 2521 3809 Oros
2559 3769 2611 3825 5,
2665 3770 2712 3822 1,
2750 3770 2815 3824 9,

458 3860 510 3915 5,
552 3860 634 3916 15,
678 3854 771 3915 19,
809 3861 862 3915 5,
904 3861 987 3915 10,
1024 3861 1088 3916 5,
1126 3845 1271 3900 Zon.
1310 3864 1361 3918 7,
1399 3863 1498 3915 21,
1536 3863 1588 3915 9,
1626 3862 1725 3916 3ο,
1766 3842 2014 3916 Capitoi.
2047 3843 2222 3899 XXX
2260 3851 2373 3915 tyr.
2411 3860 2510 3898 21:
2549 3850 2814 3914 strangu-

458 3935 611 3990 latus
647 3934 707 3989 in
745 3951 984 3989 carcere
1024 3934 1396 4007 captivorum
1433 3943 1705 3990 veterum
1743 3951 1927 3989 more.

673 4022 717 4093 ὅ)
755 4023 884 4079 Liv·
921 4041 1010 4094 22,
1046 4041 1136 4095 33,
1173 4042 1237 4093 2;
1286 4042 1374 4095 3ο,
1412 4042 1500 4095 43,
1542 4041 1633 4094 13,
1684 4040 1774 4094 33,
1811 4023 1900 4093 36,
1938 4040 2001 4093 3,
2063 4021 2213 4076 Vell·
2251 4020 2481 4075 Paterc-
2520 4037 2572 4090 2,
2623 4037 2711 4090 42,
2748 4036 2812 4090 3;

457 4113 505 4168 F
507 4113 613 4168 lor.
651 4130 702 4183 3.
746 4130 830 4184 19,
865 4114 927 4183 8,
979 4112 1145 4169 CasS.
1184 4113 1315 4169 Dio,
1352 4131 1439 4184 49,
1482 4131 1564 4183 12,
1603 4130 1666 4183 4;
1717 4114 1775 4167 b.
1812 4112 1983 4184 Hisp.
2022 4129 2120 4179 203
2170 4110 2300 4165 Val.
2339 4109 2496 4165 Max.
2533 4127 2586 4178 2,
2623 4126 2676 4181 7,
2717 4126 2813 4178 12,

459 4201 717 4274 Appian,
755 4201 949 4257 Mithr.
987 4220 1086 4273 29,
1143 4204 1198 4257 b.
1238 4220 1284 4258 c.
1328 4221 1375 4272 1,
1416 4220 1546 4274 119;
1590 4219 1720 4272 12ο,
1777 4202 1926 4257 Plut.
1966 4199 2137 4256 Caes·
2176 4217 2228 4270 2,
2265 4216 2329 4268 2,
2378 4197 2550 4254 Dion.
2589 4197 2722 4254 Hal.
2760 4214 2812 4270 5,

457 4308 556 4363 51,
588 4291 763 4347 Oros.
801 4308 851 4363 5,
891 4308 944 4362 9,
981 4309 1050 4362 4..

673 4379 717 4451 ⁸)
756 4377 988 4453 Ioseph.
1028 4380 1083 4436 b.
1121 4380 1163 4436 I.
1201 4399 1253 4451 2,
1295 4398 1377 4451 14,
1415 4397 1468 4451 9.
