3467 5350
1654 583 2102 649 ‚90-

703 754 816 823 diu
894 754 1313 823 remansisse
1402 754 1569 823 satis
1661 766 1934 823 constat
1955 758 2023 842 ¹).
2141 755 2421 824 Poenos
2490 755 2703 824 Atilio
2774 756 3051 846 Regulo

708 884 1052 930 venenum
1103 861 1401 945 dedisse,
1451 884 1590 930 non
1639 861 2210 952 praesentarium,
2258 863 2384 931 sed
2425 863 2573 932 eius
2607 863 2812 947 modi,
2864 864 3053 952 quod

705 982 999 1036 mortem
1048 967 1114 1036 in
1165 969 1341 1036 diem
1394 968 1737 1057 proferret
1802 991 1888 1037 eo
1947 968 2254 1052 consili0,
2328 981 2402 1037 ut
2450 969 2717 1039 viveret
2776 970 3051 1061 quidem

703 1075 1054 1165 tantisper,
1107 1077 1337 1164 quoad
1381 1075 1579 1144 fieret
1610 1075 2047 1166 permutatiO,
2096 1075 2307 1145 reicio
2338 1078 2423 1145 ad
2474 1076 2743 1146 fabulas
2763 1081 2831 1163 2).
2925 1077 3052 1146 Ve-

705 1205 887 1251 neno
931 1182 1027 1250 uti
1074 1182 1138 1250 in
1189 1183 1461 1251 hostem
1511 1205 1950 1271 nequaquam
2001 1182 2395 1252 defenditur
2442 1183 2597 1253 belli
2645 1183 2813 1268 iure,
2864 1186 3052 1273 quod

702 1288 1060 1357 manifeste
1140 1288 1366 1377 colligi
1445 1301 1677 1379 potest
1753 1312 1842 1357 ex
1919 1289 2025 1358 his
2103 1289 2159 1358 F
2163 1289 2292 1358 lori
2373 1291 2642 1359 verbis:
2724 1294 3056 1379 Aquilius

703 1401 787 1481 (a.
825 1418 953 1485 129
980 1419 1040 1463 a.
1071 1395 1263 1480 Chr.)
1288 1399 1589 1463 Asiatici
1629 1399 1788 1464 belli
1827 1399 2145 1485 reliquias
2192 1400 2487 1486 confecit,
2536 1401 2771 1465 mixtis·
2803 1438 2870 1448 —
2905 1422 2952 1465 n
2975 1423 3010 1465 e
3026 1439 3053 1451 -

699 1505 769 1591 s
767 1527 810 1568 a
826 1528 862 1569 s
919 1542 985 1553 -
1040 1527 1296 1570 veneno
1328 1506 1648 1592 sontibus
1696 1507 1795 1570 ad
1834 1507 2234 1571 deditionem
2286 1508 2719 1592 quarundam
2765 1508 3055 1573 urbium.

713 1614 903 1696 Quae
963 1634 1071 1677 res
1115 1618 1198 1676 ut
1242 1618 1598 1686 maturam,
1666 1614 1763 1677 ita
1810 1612 2132 1700 infamem
2152 1614 2334 1700 fecit
2376 1614 2739 1688 victoriam,
2814 1615 3056 1701 quippe

706 1741 855 1782 cum
906 1725 1136 1783 contra
1157 1721 1285 1805 sas
1337 1721 1537 1784 deum
1586 1742 1932 1805 moresque
1979 1720 2309 1785 maiorum
2358 1721 2909 1786 medicaminibus
2953 1721 3055 1785 in-

693 1826 897 1911 puris·
943 1827 1015 1890 in
1065 1827 1144 1890 id
1182 1832 1445 1912 tempus
1487 1832 1912 1892 sacrosancta
1956 1829 2272 1891 Romana
2317 1850 2511 1892 arma
2556 1828 2868 1892 violasset
2879 1828 2950 1907 ⁸).

916 1948 1397 2038 Lapidibus
1444 1948 1695 2040 captivi
1730 1973 1773 2016 a
1803 1948 2141 2018 Romanis
2189 1950 2421 2018 obruti
2466 1972 2603 2018 non
2653 1963 2836 2018 sunt.
2931 1949 3048 2017 Ad

706 2057 881 2124 hanc
915 2054 1387 2124 crudelitatem
1437 2056 1799 2145 progressi
1847 2067 2010 2125 sunt
2056 2057 2511 2126 mercennarii
2542 2057 2940 2125 Poenorum
2987 2067 3056 2124 et

704 2162 959 2232 Graeci
983 2167 1053 2249 ⁴).

916 2271 1280 2361 Reliquum
1331 2283 1456 2353 est,
1508 2283 1580 2339 ut
1629 2271 1948 2360 colligam
1986 2294 2069 2340 ea
2109 2270 2422 2362 supplicii
2470 2294 2753 2361 genera,
2805 2270 3055 2361 quibus

704 2378 920 2447 duces
988 2380 1100 2447 vel
1172 2378 1408 2468 populi
1478 2392 1758 2468 praeter
1805 2377 2285 2447 Romanorum
2357 2401 2624 2446 morem
2697 2378 2802 2446 usi
2872 2389 3052 2445 sunt.

702 2485 942 2573 Atque
990 2498 1065 2554 ut
1110 2486 1513 2576 principium
1565 2486 1769 2554 detur
1815 2507 2129 2553 summae
2177 2484 2545 2553 saevitiae:
2600 2483 3055 2554 Mercennarii

678 2591 1100 2661 Poenorum
1161 2593 1471 2662 iecerunt
1527 2606 1770 2682 captos
1832 2604 1989 2660 ante
2038 2591 2386 2661 mutilatos
2433 2592 2498 2661 in
2564 2592 2846 2675 fossam,
2920 2591 3056 2659 obi-

705 2699 973 2768 ciebant
1004 2700 1386 2790 elephantis
1411 2701 1526 2768 vel
1559 2700 1819 2783 bestiiS,
1868 2700 2167 2788 denique
2200 2700 2665 2769 vescebantur
2697 2712 3055 2788 captorum

704 2806 1118 2897 corporibus
1136 2812 1210 2892 ⁶).
1302 2807 1448 2877 Sed
1498 2830 1650 2875 cum
1703 2806 1971 2889 milite3‚
2023 2808 2138 2895 qui
2187 2806 2583 2875 defecerant
2624 2828 2666 2874 a
2699 2805 3058 2894 Carthagi·

704 2913 1080 3001 niensibuS,
1153 2937 1430 2983 omnem
1501 2914 1875 2983 ferocitatis
1946 2915 2233 2983 modum
2304 2912 2728 3002 transgressi
2801 2924 3055 2994 essent,

704 3019 1073 3103 Hamilcar,
1120 3021 1234 3110 qui
1269 3033 1469 3090 antea
1506 3021 1928 3089 humanitate
1962 3019 2327 3103 eminebat,
2376 3021 2667 3088 eandem
2703 3020 2766 3088 in
2817 3031 3058 3109 captos

704 3128 1175 3196 crudelitatem
1238 3150 1569 3197 exercere
1630 3138 1914 3196 coactus
1978 3140 2101 3196 est.
2196 3127 2438 3216 Itaque
2502 3125 2818 3218 captivos
2866 3127 3058 3214 prius

705 3234 1049 3304 cruciatos
1129 3234 1511 3326 elephantis
1605 3233 1982 3317 obiciebat,
2080 3246 2154 3302 ut
2244 3235 2332 3303 ab
2423 3233 2531 3302 his
2623 3232 2862 3302 calcati
2941 3235 3059 3301 mi·

703 3364 860 3410 sere
928 3341 1283 3411 interirent
1300 3346 1373 3427 ⁶).
1468 3342 1680 3428 Quod
1748 3341 1823 3409 Ρ.
1874 3340 2244 3410 Cornelius
2307 3341 2644 3410 Lentulus
2705 3340 3057 3430 quondam

703 3448 767 3516 in
829 3461 1075 3517 senatu
1136 3449 1306 3518 dixit
1351 3448 1713 3518 Romanos
1779 3471 2063 3537 quoque
2128 3448 2442 3539 captivos
2491 3471 2531 3516 a
2580 3447 2834 3517 Poenis
2899 3469 3059 3516 esse

703 3555 1017 3624 obiectos
1080 3556 1483 3646 elephantiS,
1549 3569 1778 3624 utrum
1829 3578 2073 3624 verum
2139 3554 2230 3624 sit
2274 3577 2512 3638 necne,
2585 3554 2648 3623 in
2701 3554 2912 3623 dubio
2960 3576 3060 3622 re·

709 3662 1012 3750 linquam
1046 3674 1440 3752 propterea,
1492 3663 1680 3750 quod
1715 3662 1939 3731 oratio
1972 3674 2110 3731 tam
2147 3661 2377 3731 hostili
2424 3663 2652 3731 animo
2701 3660 2764 3729 in
2814 3674 3063 3730 senatu

706 3769 938 3838 habita
970 3769 1434 3838 testimonium
1469 3785 1734 3839 certum
1775 3770 2052 3838 minime
2098 3771 2388 3858 praebet
2412 3771 2476 3856 7).
2569 3767 2875 3836 Taceam
2925 3767 3062 3836 hoc

922 3966 962 4036 ι)
999 3966 1128 4022 Liv.
1166 3985 1254 4038 39,
1291 3984 1382 4039 50,
1420 3986 1453 4040 7
1466 3985 1482 4037 ;
1521 3967 1727 4038 Polyb.
1757 3966 1864 4039 frg.
1903 3985 1990 4037 24,
2026 3968 2148 4038 8193
2187 3965 2384 4021 lustin.
2413 3964 2552 4037 epit.
2590 3982 2678 4035 32,
2721 3982 2768 4036 1,
2805 3980 2868 4034 95
2907 3963 3062 4018 Plut.

702 4055 1150 4216 Ph110P;)2geu·
1188 4146 1257 4201 N.
1297 4147 1370 4202 A.
1421 4166 1472 4220 7,
1522 4165 1574 4217 4,
1629 4165 1652 4201 1
1708 4164 1755 4201 S.
1795 4146 2173 4201 Tuditanum.
2247 4177 2303 4185 —
2374 4142 2417 4213 ⁸)
2456 4144 2612 4201 Flor.
2651 4161 2702 4213 2,
2752 4160 2839 4212 20,
2890 4160 2940 4214 7.
2996 4175 3057 4183 —

703 4234 748 4305 ⁴)
789 4235 995 4307 Polyb.
1039 4253 1085 4306 1,
1121 4237 1210 4305 80,
1249 4237 1419 4305 4—8;
1459 4236 1608 4291 Plut.
1647 4236 1793 4292 Phil.
1832 4253 1922 4306 21,
1958 4237 2089 4291 8.—
2119 4234 2161 4305 ⁶)
2198 4234 2406 4305 Polyb.
2431 4251 2478 4303 1,
2514 4235 2604 4303 80,
2646 4250 2740 4304 135
2783 4251 2828 4302 1,
2867 4233 2958 4303 85,
3001 4250 3065 4302 15

700 4324 874 4381 Diod.
913 4324 1021 4396 frg.
1059 4342 1148 4397 25,
1182 4343 1235 4396 3.
1307 4358 1363 4365 -
1436 4324 1479 4396 ⁸)
1519 4323 1691 4379 Diod.
1731 4323 1839 4396 frg.
1880 4341 1968 4397 25,
2004 4341 2067 4396 35
2126 4324 2332 4397 Polyb.
2375 4342 2423 4393 1,
2458 4325 2547 4394 82,
2585 4341 2647 4393 25
2689 4341 2735 4395 1,
2772 4324 2861 4393 84,
2898 4341 2951 4393 9.
2998 4354 3059 4363 —

705 4413 746 4484 ⁷)
786 4413 943 4486 App.
982 4413 1109 4469 Lib.
1146 4414 1234 4486 63.
