3467 5350
1320 601 1756 677 ⁸...29......

356 785 661 877 ingressi
731 794 893 856 sunt
957 780 1274 874 Pyrrhus
1302 790 1377 870 ¹),
1448 783 1794 853 Hannibal
1818 788 1888 868 ‘-‘).
1984 781 2233 873 Neque
2297 784 2467 854 haec
2539 782 2712 854 ratio

358 898 701 966 interdum
751 894 971 963 aliena
1019 905 1168 962 erat
1216 915 1257 959 a
1305 889 1677 960 Germanis
1695 896 1746 975 3)
1796 904 1912 960 aut
1961 891 2317 977 Parthis4).

573 1004 790 1072 Etiam
826 1025 967 1091 quo
1000 1002 1295 1089 quisque
1327 1000 1483 1068 loco
1517 1012 1705 1067 esset
1742 1012 1962 1082 natus,
2001 1000 2181 1067 baud
2218 1021 2380 1067 raro
2413 996 2712 1069 Romani

357 1113 692 1181 rationem
745 1111 1095 1178 habebant
1118 1113 1187 1192 ⁵).
2611 1164 2626 1175 .

577 1218 818 1289 Gloria
850 1217 1183 1284 maiorum
1221 1214 1561 1282 interdum
1600 1214 1756 1282 urbi
1792 1226 2033 1303 captae
2086 1226 2235 1283 erat
2282 1215 2479 1284 saluti
2529 1216 2718 1286 velut

357 1325 739 1411 Athenisss),
823 1323 1217 1413 Syracusis,
1326 1327 1412 1388 [η
1473 1329 1721 1388 ornatu
1785 1324 1973 1401 urbis
2035 1325 2273 1389 habuit
2339 1322 2709 1392 Marcellus

360 1435 674 1499 victoriae
722 1436 1069 1507 rationem,
1142 1433 1379 1496 habuit
1421 1432 1869 1496 lmmam'tatzssv
1891 1433 1953 1518 7).
2032 1430 2404 1500 Massiliam
2468 1432 2712 1500 urbem

364 1538 627 1608 Caesar
692 1538 915 1626 magis
977 1561 1107 1628 pro
1169 1536 1448 1605 nomine
1509 1549 1578 1605 et
1625 1548 1974 1605 vetustate
2022 1558 2231 1624 quam
2279 1561 2409 1627 pro
2459 1538 2717 1607 meritis

359 1647 423 1714 in
489 1669 565 1715 se
630 1646 920 1714 civitatis
984 1644 1516 1728 conservavitS).
1612 1643 2108 1713 Alexandriam
2159 1646 2529 1733 Augustus
2578 1668 2716 1714 ser-

360 1754 506 1821 vari
559 1754 776 1822 voluit
824 1754 915 1822 ob
951 1754 1431 1823 Alexandrum
1481 1752 1673 1821 urbis
1720 1764 2076 1820 auctorem
2126 1765 2194 1821 et
2242 1753 2709 1822 admirabilem

360 1861 552 1930 urbis
599 1860 1176 1950 pulchritudinem
1199 1865 1269 1944 ς’).
1366 1859 1800 1943 Corinthum,
1846 1859 2073 1927 lumen
2128 1860 2486 1944 Graeciae,
2539 1860 2713 1929 diru-

360 1980 498 2037 tam
552 1967 862 2058 queritur
911 1967 1277 2051 Cicero¹⁰).

572 2074 839 2143 Eodem
899 2075 1111 2142 modo
1175 2074 1236 2155 ii,
1304 2074 1419 2162 qui
1468 2075 1705 2143 litteris
1756 2075 2162 2165 artibusque
2207 2088 2486 2165 praeter
2535 2089 2709 2146 cete-

364 2205 481 2250 ros
554 2181 915 2264 florebant,
988 2181 1248 2251 meritis
1314 2181 1625 2271 ipsorum
1694 2183 1974 2272 saepius
2023 2182 2574 2253 defendebantur
2622 2186 2713 2252 ab

367 2288 729 2374 iniuria¹¹).
849 2289 1309 2358 Archimedes
1368 2289 1861 2377 Syracusanus
1907 2290 2122 2359 invito
2172 2291 2348 2359 duce
2395 2292 2716 2361 Romano

375 2419 415 2463 a
464 2397 795 2485 gregario
855 2396 1083 2479 milite,
1151 2396 1306 2485 quis
1368 2409 1575 2479 esset,
1647 2396 1862 2465 inscio
1910 2397 2307 2466 interfectus
2354 2411 2479 2466 est.
2573 2399 2719 2469 Sed

364 2503 736 2574 Marcellus
816 2517 1216 2593 compertos
1295 2503 1738 2573 Archimedis
1818 2505 2256 2574 necessarios
2332 2507 2715 2577 honoribus

363 2610 609 2681 dicitur
656 2611 1095 2697 affecissew).

575 2721 718 2790 Pro
787 2720 1046 2790 meritis
1096 2733 1305 2810 atque
1355 2721 1708 2790 beneficiis
1755 2722 2188 2810 singulorum
2241 2722 2463 2791 victor
2510 2735 2714 2812 capto

364 2829 794 2918 pepercitffi).
867 2829 1134 2898 Caesar
1161 2830 1342 2898 haud
1383 2831 1769 2919 neglegens
1803 2829 2138 2898 beneficia
2173 2831 2398 2919 gentis
2423 2830 2715 2911 AeduiS,

362 2947 698 3022 quantum
797 2937 1047 3026 potuit,
1132 2938 1442 3027 pepercit
1466 2941 1563 3021 ¹⁴).
1683 2937 2027 3027 Iosephus
2104 2937 2434 3020 Iudaeus,
2525 2938 2716 3026 quod

360 3041 869 3131 Vespasianum
938 3067 1166 3113 rerum
1234 3045 1609 3134 potiturum
1674 3067 1833 3114 esse
1882 3045 2340 3134 praedixerat,
2391 3057 2714 3114 servatus

578 3205 622 3274 1)
663 3204 781 3260 Cic.
822 3204 918 3263 off.
957 3206 999 3274 I,
1036 3207 1124 3276 38.

578 3291 620 3362 ²)
660 3293 808 3350 Plut.
848 3293 1027 3348 Marc.
1069 3311 1153 3363 10,
1192 3310 1242 3351 2.

577 3381 618 3451 ⁸)
658 3382 808 3438 Plut.
849 3383 993 3439 Mar.
1027 3400 1114 3454 23,
1151 3385 1204 3440 6.

572 3471 618 3542 4)
657 3472 809 3530 Plut.
850 3472 1047 3530 Crass
1087 3474 1175 3529 28.

575 3561 618 3631 ⁶)
660 3562 727 3619 cf.
767 3562 894 3620 Liv.
935 3564 1021 3633 26,
1059 3582 1148 3634 34,
1186 3579 1247 3633 23
1286 3564 1373 3634 26,
1411 3583 1499 3635 34,
1539 3581 1598 3634 45
1637 3563 1870 3635 Ioseph.
1910 3564 1963 3621 b.
2003 3563 2041 3620 I.
2079 3566 2131 3635 6,
2169 3566 2222 3636 6,
2259 3584 2312 3636 4.

574 3651 618 3722 ο)
659 3652 822 3709 Cass,
863 3653 992 3712 Dio,
1032 3672 1119 3724 42,
1163 3672 1247 3724 14,
1285 3672 1335 3712 2.

576 3740 617 3810 ⁷)
658 3741 776 3799 Cic.
816 3741 875 3797 in
912 3743 1084 3800 Verr.
1123 3762 1174 3814 4,
1217 3762 1346 3814 1205
1394 3744 1464 3801 cf.
1502 3745 1674 3801 Diod.
1714 3745 1824 3817 frg.
1863 3747 1950 3816 26,
1988 3763 2084 3815 205
2123 3746 2271 3803 Plut.
2310 3746 2490 3813 Marc,
2532 3766 2615 3819 19,
2654 3767 2713 3819 43

359 3830 461 3888 Sil.
498 3831 621 3888 Ital.
664 3849 747 3902 14,
784 3833 1089 3906 665—679.

576 3918 619 3989 Β)
659 3919 829 3977 Caes.
867 3923 921 3977 b.
962 3940 1010 3979 c.
1048 3941 1099 3992 2,
1138 3941 1227 3981 22.

575 4007 619 4077 9)
658 4008 808 4066 Plut.
847 4010 987 4066 Ant.
1024 4013 1113 4082 80,
1157 4030 1205 4071 1.

546 4095 611 4165 ¹⁰)
653 4096 750 4153 off.
795 4115 842 4167 1,
880 4117 965 4170 35.

543 4186 616 4254 n)
656 4185 807 4243 Plut.
846 4188 986 4246 Luc.
1029 4206 1112 4259 19,
1157 4207 1238 4247 10.

544 4275 616 4344 ιι)
654 4274 805 4331 Plut.
843 4276 1022 4335 Marc.
1066 4296 1150 4349 19,
1188 4296 1241 4348 4.

542 4364 615 4432 ιε)
653 4363 910 4435 Appian.
950 4367 1004 4424 b.
1044 4384 1091 4424 c.
1132 4384 1184 4439 5,
1226 4386 1345 4439 142.

550 4451 615 4523 ¹⁴)
657 4452 827 4513 Caes,
867 4456 921 4513 b.
963 4455 1031 4512 G.
1071 4473 1123 4529 7,
1160 4475 1247 4527 40,
1285 4477 1338 4530 4.
