3467 5350
1293 601 1738 694 ...65,-

353 805 750 878 condicione
799 803 969 874 alius
1016 806 1102 872 ab
1153 803 1285 872 alio
1353 802 1849 872 secernebatur
1869 807 1937 883 ¹).
2033 796 2691 890 Inprimisjinquire·

352 920 565 996 batur,
618 927 843 983 utrum
895 911 1070 980 socii
1118 923 1327 999 atque
1376 908 1574 977 amici
1622 907 1860 998 populi
1892 908 2190 976 Romani
2236 921 2473 976 essent
2520 907 2694 975 inter

355 1023 660 1113 captivos
731 1042 968 1088 necne.
1065 1017 1403 1087 Corintho
1476 1019 1647 1085 urbe
1721 1029 1921 1107 capta
1992 1017 2125 1085 hoc
2197 1017 2409 1085 modo
2474 1015 2696 1084 victor

354 1132 741 1199 instituebat
789 1125 1306 1195 recensionem:
1349 1128 1444 1190 ἵνα
1474 1126 1536 1190 δὲ
1570 1132 1720 1212 μήτε
1756 1149 1851 1200 τις
1898 1127 2133 1190 ἐκείνων
2179 1127 2342 1211 λάθῃ
2390 1131 2541 1212 μήτε
2576 1132 2695 1188 τῶν

355 1243 566 1305 λοιπῶν
615 1235 1050 1323 τιςςΕλλήνων
1097 1236 1300 1323 πραθῇ
1342 1235 1434 1309 ὡς
1469 1234 1805 1323 Κορίνθιος,
1856 1236 2228 1311 συνεκάλεσε,
2278 1235 2405 1322 πρὶν
2454 1234 2698 1321 ἐκφῆναι

355 1350 415 1411 τὸ
461 1349 753 1432 ποιητέον,
802 1350 1034 1418 πάντας
1095 1342 1243 1416 τοὺς
1287 1346 1609 1431 παρόντας,
1669 1343 1764 1406 καὶ
1822 1341 2042 1415 αὐτοὺς
2090 1345 2340 1429 ἀφανῶς
2385 1363 2521 1414 πως
2569 1348 2699 1414 τοῖς

357 1456 743 1543 στρατιώταις
792 1453 1318 1536 ἐγκυκλωσάμενος
1365 1447 1615 1538 ἐκήρυξε
1663 1455 1773 1536 τήν
1820 1473 1886 1513 τε
1933 1456 2052 1512 τῶν
2101 1450 2304 1512 ἄλλων
2360 1450 2700 1535 ἐλευθερίαν

357 1564 444 1626 καὶ
506 1562 615 1647 τὴν
681 1566 799 1623 τῶν
844 1558 1170 1647 Κορινθίων
1216 1559 1520 1623 δούλωσιν.
1589 1558 1791 1622 ἔπειτα
1836 1554 2163 1645 προσέταξε
2208 1567 2342 1621 πᾶσι
2390 1563 2509 1620 τῶν
2556 1579 2701 1644 παρ-

359 1673 691 1756 εστηκότων
722 1670 877 1756 σφίσι
923 1666 1231 1750 λαβέσθαι,
1280 1666 1374 1728 καὶ
1423 1665 1578 1729 οὕτω
1625 1675 1788 1753 σαφῆ
1836 1666 1946 1752 τὴν
1993 1666 2259 1753 διάκρισιν
2308 1666 2503 1728 αὐτῶν
2552 1665 2703 1728 ε’ποι-

359 1783 541 1864 ήσατο
563 1776 631 1862 2).
726 1771 1073 1840 Hannibal
1137 1792 1422 1859 quoque
1484 1793 1869 1860 segregare
1932 1771 2298 1840 consuevit
2343 1771 2705 1839 Romanos

361 1895 423 1950 et
469 1881 703 1949 socios
723 1883 792 1965 3).

569 1987 869 2077 Saepius
929 1986 996 2053 in
1059 1986 1239 2055 bello
1301 1986 1709 2074 legationeS,
1776 1986 2030 2074 quibus
2078 1987 2512 2076 eligebantur
2558 2009 2706 2077 cap·

362 2098 494 2179 tivi,
565 2097 649 2164 ad
716 2095 988 2163 hostem
1051 2093 1516 2172 mittebantur,
1583 2106 1657 2162 ut
1718 2093 2227 2162 redimerentur
2278 2106 2395 2163 aut
2441 2118 2708 2185 permu-

361 2216 670 2273 tarentur
711 2202 890 2270 bello
938 2201 1207 2290 capti4),
1260 2213 1334 2270 ut
1380 2203 1550 2269 urbs
1599 2203 1892 2269 obsessa
1941 2224 1982 2269 a
2030 2202 2481 2291 popularibus
2531 2224 2712 2270 com·

365 2325 548 2380 mota
612 2310 900 2379 celerius
948 2309 1013 2375 in
1066 2308 1485 2377 deditionem
1535 2308 1822 2393 veniret,
1888 2321 1961 2377 ut
2008 2309 2197 2398 pacis
2260 2309 2711 2379 condiciones

363 2419 777 2488 offerrentur
799 2422 871 2502 5).
965 2417 1307 2507 Iosephus
1355 2415 1492 2484 Titi
1559 2416 1756 2486 iussu
1820 2417 2103 2506 saepius
2167 2440 2453 2486 munere
2513 2417 2710 2486 inter-

365 2526 574 2617 pretis
623 2526 810 2615 pacis
857 2525 1133 2593 functus
1182 2537 1287 2593 est
1307 2528 1376 2609 θ).
1471 2525 1608 2592 Per
1653 2537 2013 2615 captorum
2063 2525 2445 2613 legationes
2495 2525 2714 2614 patria

363 2634 597 2723 lingua
643 2635 862 2702 verba
926 2632 1256 2702 facientes
1317 2632 1485 2702 satis
1533 2632 1903 2702 verisimile
1964 2647 2070 2703 est
2132 2634 2368 2703 hostes
2417 2633 2713 2703 hominis

367 2743 637 2832 gentilis
662 2741 1107 2832 postulationi
1133 2741 1394 2810 facilius
1421 2741 1727 2809 nonnihil
1760 2743 2168 2810 concedere.
2263 2742 2476 2828 Quod
2507 2742 2709 2811 etiam

369 2851 680 2939 Pyrrhus
743 2849 1089 2932 intellexit,
1164 2848 1280 2937 qui
1328 2848 1647 2917 Fabricio
1696 2848 2012 2938 captivos
2061 2850 2418 2933 commisit,
2490 2862 2584 2933 ut,
2655 2851 2713 2919 si

366 2969 649 3025 senatus
681 2979 923 3047 pacem
959 2978 1098 3023 non
1148 2956 1597 3039 decrevisset,
1646 2956 1957 3025 salutatis
2005 2957 2239 3026 amicis
2286 2970 2354 3026 et
2385 2958 2711 3029 Saturna-

365 3064 543 3133 libus
592 3063 953 3133 celebratis
1003 3063 1089 3132 ad
1139 3086 1218 3132 se
1267 3064 1777 3132 remitterentur
1799 3068 1866 3147 ⁷).

581 3170 761 3240 Cum
795 3171 1201 3261 saepissime
1234 3171 1460 3240 omnis
1494 3171 1756 3260 praeda
1789 3172 1969 3240 bello
1999 3185 2199 3263 capta
2225 3173 2716 3244 attribueretur

586 3406 624 3476 1)
662 3406 787 3463 Liv·
825 3407 876 3476 6,
915 3423 1001 3478 25,
1045 3423 1100 3474 Ι;
1148 3405 1235 3475 26,
1272 3422 1359 3475 49,
1399 3422 1462 3475 9,
1500 3422 1588 3476 27,
1629 3422 1713 3475 19,
1752 3422 1815 3474 2;
1863 3407 1952 3477 38,
1990 3424 2076 3479 27,
2116 3424 2177 3479 75
2234 3407 2440 3480 Polyb·
2478 3408 2588 3480 frg·
2631 3427 2714 3479 10,

365 3516 454 3568 40,
496 3515 564 3552 10
575 3514 591 3566 ;
631 3498 716 3566 18,
757 3514 840 3565 10,
877 3511 1045 3567 3—-53
1085 3495 1312 3567 Ioseph.
1352 3495 1408 3551 b.
1447 3493 1487 3551 1.
1525 3497 1577 3564 6,
1614 3513 1666 3565 9,
1705 3512 1765 3564 23
1804 3496 2191 3552 Plut.Anton.
2229 3515 2316 3569 39,
2353 3514 2417 3569 53
2456 3497 2714 3570 Appian.

367 3587 504 3659 Syr.
541 3587 643 3657 363
679 3587 733 3641 b.
775 3604 822 3639 c.
864 3603 911 3655 1,
948 3602 1044 3655 943
1084 3585 1138 3638 b.
1178 3603 1224 3640 c.
1263 3601 1315 3654 4,
1353 3602 1440 3655 42.
2195 3579 2204 3586 “

587 3674 630 3745 ²)
669 3675 813 3730 zon.
852 3694 902 3746 9,
941 3691 1030 3744 31,
1068 3692 1119 3745 7·

588 3763 629 3834 ⁸)
667 3763 795 3820 Liv.
853 3781 940 3833 22,
985 3780 1073 3834 50,
1122 3763 1184 3832 6;
1259 3780 1346 3833 22,
1396 3780 1484 3835 52,
1530 3781 1565 3834 3
1578 3780 1594 3834 3
1632 3780 1719 3834 22,
1767 3766 1854 3836 58,
1901 3782 1961 3833 2;
2028 3766 2095 3821 cf.
2135 3764 2306 3821 Diod.
2347 3764 2454 3838 frg.
2492 3768 2584 3837 26,
2626 3784 2717 3837 145

365 3854 576 3925 Polyb.
615 3870 665 3923 3,
702 3854 790 3924 85,
828 3853 935 3922 213.

585 3942 629 4011 ⁴)
670 3940 738 3997 cf.
777 3942 904 3997 Liv.
944 3958 1068 4013 per.
1111 3944 1205 4010 18;
1247 3941 1393 3997 Gell.
1432 3941 1501 3999 N.
1541 3942 1614 3998 A.
1652 3945 1703 4015 6,
1748 3946 1831 4014 18,
1874 3961 2063 3999 1—11.

587 4031 629 4101 5)
670 4031 789 4088 Cic.
829 4030 889 4086 in
925 4031 1041 4086 Pis.
1079 4048 1151 4101 43
1161 4047 1178 4099 ;
1217 4030 1343 4087 Liv.
1366 4049 1489 4103 per.
1514 4035 1605 4102 183
1645 4032 1844 4088 Valer.
1864 4032 2021 4088 Max.
2041 4051 2094 4103 9,
2132 4052 2182 4103 2,
2224 4042 2340 4089 ext.
2366 4051 2424 4103 13
2476 4034 2717 4107 Eutrop.

365 4140 420 4192 2,
461 4140 547 4192 24,
589 4139 649 4190 Ι,
691 4121 862 4177 Oros·
902 4140 951 4192 4,
996 4138 1076 4190 10,
1121 4139 1176 4191 13
1215 4120 1445 4177 Iordan.
1483 4122 1656 4177 Rom.
1698 4140 1825 4194 1723
1865 4122 2123 4194 Appian.
2149 4121 2273 4177 Lib.
2313 4140 2377 4192 43
2416 4122 2530 4178 Sic.
2569 4141 2621 4192 2,
2662 4140 2718 4191 13

365 4211 519 4266 Plut.
558 4211 766 4283 Pomp.
803 4213 890 4281 63,
930 4228 993 4279 23
1031 4213 1118 4282 65,
1157 4229 1216 4279 23
1280 4210 1439 4266 Brut.
1478 4229 1566 4282 32,
1607 4229 1662 4281 13
1726 4211 1891 4269 Cass
1931 4211 2061 4268 Dio.
2100 4211 2208 4283 frg.
2251 4230 2332 4281 11,
2372 4230 2458 4284 43,
2496 4215 2594 4281 263
2633 4230 2719 4284 47,

366 4318 457 4372 34,
495 4318 560 4370 4;
598 4300 742 4355 Zon.
780 4301 832 4370 8,
874 4317 940 4371 14
954 4318 970 4369 ς
1009 4299 1108 4356 Sil.
1147 4299 1267 4356 Ital.
1305 4302 1358 4370 6,
1395 4317 1697 4374 302—551.

587 4389 631 4459 ⁸)
670 4390 902 4462 Ioseph.
939 4391 993 4445 b.
1033 4390 1154 4445 Iud.
1190 4407 1243 4462 5,
1278 4408 1330 4461 9,
1368 4408 1420 4446 2.

591 4478 631 4546 7)
670 4479 821 4541 Plut.
860 4479 1070 4551 Pyrrh.
1109 4497 1196 4551 2ο,
1232 4498 1296 4550 9;
1334 4479 1591 4553 Appian.
1630 4481 1830 4538 Samn.
1874 4501 1954 4553 10,
1992 4500 2043 4554 3.
