3467 5350
1658 575 2104 665 ..-78..

707 771 1013 860 quodam
1043 769 1298 861 Jaeger
1319 775 1364 858 ¹)
1414 772 1539 861 has
1586 772 1856 843 fabulas
1906 774 2257 843 contendit
2301 797 2461 843 esse
2509 775 2865 844 rhetorum
2912 797 3058 844 sae-

705 879 837 946 culi
884 878 1082 969 primi
1131 901 1189 948 a.
1221 878 1387 948 Chr.
1415 903 1478 953 n.
1575 879 1753 948 Nam
1807 880 2284 968 antiquissima
2329 882 2718 950 testimonia
2763 882 3056 951 Diodori

700 999 767 1054 et
814 986 1103 1075 polybii,
1155 1010 1334 1075 quae
1382 1010 1469 1055 ex
1517 987 1785 1055 Philino
1857 988 2271 1078 deprompta
2319 1011 2592 1057 summa
2636 990 2846 1078 digna
2894 1001 3056 1057 sunt

699 1093 858 1177 fide,
922 1094 1123 1183 plane
1184 1094 1341 1162 nihil
1404 1094 1686 1162 tradunt
1732 1095 1822 1163 de
1868 1093 2122 1184 Reguli
2170 1096 2608 1166 cruciatibus.
2702 1097 3052 1166 Auctores

700 1203 997 1283 demum,
1053 1192 1169 1290 qui
1204 1225 1461 1291 magno
1505 1203 1839 1291 temporis
1887 1203 2111 1292 spatio
2160 1205 2414 1273 absunt
2447 1228 2488 1272 a
2516 1204 2768 1293 Reguli
2804 1216 3048 1287 aetate,

698 1310 1035 1398 praebent
1066 1309 1316 1377 multas
1348 1322 1417 1377 et
1448 1309 1675 1378 varias
1709 1309 2103 1378 historiolas
2139 1311 2226 1378 de
2275 1323 2497 1379 morte
2531 1310 2784 1400 Reguli
2832 1310 3047 1379 fictas,

699 1418 937 1504 Atque
984 1439 1243 1506 operae
1291 1416 1584 1506 pretium
1633 1429 1742 1486 est
1790 1418 2184 1500 ostendere,
2259 1442 2399 1507 quo
2449 1420 2685 1502 mod0‚
2760 1418 2877 1506 qui
2924 1420 3054 1487 has

698 1523 963 1592 fabulas
1036 1525 1466 1593 tradiderunt
1536 1525 1935 1608 memoriae,
2008 1525 2405 1614 discrepent
2474 1526 2651 1594 inter
2718 1549 2818 1594 se.
2909 1525 3049 1594 Alii

696 1630 980 1700 Atilium
1030 1632 1379 1720 Regulum
1429 1631 1800 1720 vigiliis
1852 1645 1937 1700 et
1983 1633 2216 1701 fame
2265 1645 2655 1702 narrant
2701 1634 3047 1701 resectis

695 1739 1114 1829 palpebris
1163 1738 1564 1828 illigatum
1612 1739 1687 1808 in
1738 1740 2106 1808 machina
2156 1740 2529 1829 periisse.

913 1863 1288 1933 Cicero:
1341 1865 1429 1932 de
1475 1864 1591 1933 fin.
1639 1887 1703 1948 2,
1751 1866 1875 1955 65:
1918 1868 2165 1953 vzgrdas
2209 1869 2507 1953 etfame.

911 1974 999 2041 de
1046 1972 1161 2040 fin.
1210 1995 1273 2062 5,
1319 1975 1441 2042 82:
1492 1975 1740 2060 vigiliis
1787 1980 1855 2039 et
1896 1976 2138 2040 inedia.

915 2080 980 2148 in
1015 2079 1154 2149 Pis.
1186 2102 1307 2169 43:
1357 2082 1626 2147 resectis
1652 2082 1996 2168 palpebris
2042 2083 2375 2167 illigatum
2422 2083 2496 2146 in
2528 2082 2841 2147 machina
2887 2082 3050 2168 vigi·-

697 2190 898 2254 lana'o
943 2196 1367 2256 necaverunt.

907 2295 1021 2364 off.
1071 2317 1133 2384 3,
1189 2318 1350 2363 100:
1398 2297 1745 2382 vigilando
1792 2297 2171 2363 necabatur.

909 2404 1147 2492 parad.
1197 2426 1257 2486 2,
1313 2403 1430 2470 16:
1477 2406 1630 2469 Nec
1676 2425 1832 2468 vero
1878 2426 1995 2489 ego
2040 2406 2141 2468 M.
2166 2404 2519 2488 Regulum
2564 2426 3046 2470 aerumnosum

695 2534 818 2576 nec
864 2513 1194 2597 infelicem
1242 2533 1365 2576 nec
1417 2512 1740 2576 miserum
1792 2533 2116 2596 umquam
2154 2511 2444 2597 putavi,·
2493 2533 2631 2575 non
2681 2512 2859 2576 enim
2909 2533 3046 2575 ma-

685 2620 978 2706 gnitudo
1022 2619 1244 2684 animi
1282 2619 1711 2684 cruciabatur
1753 2619 1898 2684 eius
1941 2640 1984 2683 a
2028 2618 2293 2692 Poenis,
2361 2640 2497 2683 non
2536 2619 2861 2705 gravitas,
2910 2641 3047 2684 non

693 2728 904 2813 fides,
922 2749 1058 2791 non
1081 2727 1472 2799 constantia,
1492 2748 1627 2790 non
1649 2727 1794 2790 ulla
1812 2726 2048 2799 virtus,
2066 2747 2203 2789 non
2226 2725 2516 2812 denique
2533 2727 2807 2791 animus
2824 2727 2985 2813 ipse.
3005 2778 3018 2791 .
3032 2778 3045 2790 .

909 2834 996 2901 de
1011 2844 1267 2906 senect.
1283 2854 1366 2922 75
1387 2856 1401 2899 :
1451 2836 1552 2899 M.
1567 2835 1889 2908 Atilium,
1915 2834 2145 2920 quiad
2156 2834 2563 2919 supplicium
2585 2839 2686 2898 est
2689 2834 3046 2919 profectus.

908 2962 1036 3029 pro
1085 2939 1268 3010 Sest.
1320 2963 1479 3030 127:
1528 2943 1752 3008 redire
1798 2943 1936 3028 ipse
1981 2941 2486 3027 Karthaginem
2530 2962 2658 3005 sua
2704 2941 3047 3005 voluntate

692 3051 791 3114 aa'
824 3050 1230 3136 supplicium
1261 3101 1273 3114 .
1305 3103 1318 3116 .
1349 3102 1362 3115 .
1411 3050 1734 3115 maluerit
1757 3102 1771 3116 .
1801 3102 1814 3116 .
1846 3101 1858 3115 .

905 3173 1165 3242 Valer.
1188 3173 1389 3242 MaX.
1412 3196 1476 3263 9,
1499 3197 1560 3256 2,
1589 3185 1726 3245 ext,
1749 3196 1812 3240 1:
1860 3175 2477 3260 Karthaginienses
2493 3174 2792 3240 Atilium
2812 3175 3041 3259 Regu-

693 3284 834 3348 lum
842 3283 1184 3370 palpebris
1196 3283 1462 3348 resectis
1474 3282 1844 3356 machinae,
1866 3282 1938 3346 in
1960 3304 2093 3367 qua
2107 3282 2410 3367 undique
2417 3280 3053 3367 praeacutistimuli

693 3391 1091 3464 eminebant,
1141 3391 1479 3455 inclusum
1508 3390 1862 3475 vigilantia
1882 3390 2150 3475 pariter
2195 3394 2263 3452 et
2305 3388 2619 3452 continuo
2666 3392 2887 3452 tractu
2934 3387 3040 3451 do-

693 3498 851 3562 loris·
903 3503 1336 3570 necaverunt,
1398 3498 1721 3562 tormenti
1751 3519 1976 3582 genus
2038 3496 2233 3559 haud
2275 3495 2560 3580 dignum
2595 3501 2816 3580 passe,
2885 3515 3040 3558 auc-

693 3605 944 3671 toribus
989 3605 1475 3690 dignissimum.

913 3733 970 3792 1,
1023 3732 1083 3793 Ι,
1136 3731 1253 3797 14:
1300 3733 1439 3776 non
1474 3711 1741 3797 quidem
1773 3711 2076 3796 ignaruS,
2113 3710 2210 3773 ad
2233 3731 2433 3794 quam
2475 3707 2778 3773 crudeles
2810 3729 3039 3792 quam-

694 3842 823 3906 que
868 3819 1102 3885 merito
1144 3819 1278 3884 sibi
1314 3820 1587 3904 infestos
1632 3816 1854 3898 [deos]
1905 3822 2367 3883 reverteretur.

905 3943 1005 4011 de
1052 3941 1193 4011 vir.
1245 3941 1348 4012 ill.
1395 3963 1515 4029 40:
1588 3944 1661 4008 in
1692 3965 1921 4008 arcam
1969 3945 2263 4029 ligneam
2312 3943 2645 4008 coniectus
2689 3940 2893 4005 clavis
2936 3939 3037 4003 in-

690 4058 981 4118 trorsum
1028 4052 1283 4117 adactis
1327 4052 1573 4137 vzgrz‘las
1618 4074 1698 4116 ac
1743 4051 1964 4116 delore
1997 4051 2291 4136 punitus
2338 4056 2449 4116 est.

907 4156 1146 4233 Oros,
1172 4181 1233 4247 4,
1289 4181 1391 4241 10,
1445 4180 1515 4226 1:
1565 4160 1833 4226 resectis
1852 4158 2194 4245 palpebris
2225 4157 2585 4243 inligatum
2618 4156 2691 4220 in
2723 4154 3037 4220 machina

689 4267 1031 4353 vigilando
1076 4273 1504 4333 necaverunt.

907 4445 948 4515 ¹)
988 4463 1044 4517 p·
1087 4463 1169 4515 14·
