3467 5350
1316 620 1762 665 —21—

578 794 848 863 Pariter
935 807 1142 883 atque
1227 806 1418 862 aetas
1499 793 1789 861 imbellis
1867 793 2274 863 sacerdotes
2351 792 2722 862 securitate

365 915 433 971 et
479 901 947 971 incolumitate
1009 900 1139 969 frui
1200 901 1540 969 solebant.
1636 901 1849 969 Nefas
1899 900 2124 970 visum
2172 912 2278 967 est
2320 900 2726 968 sacerdotes

366 1010 687 1078 occidere
714 1015 784 1092 1).
864 1008 1175 1099 Itemque
1211 1008 1335 1076 tuti
1371 1010 1457 1076 ab
1489 1007 1791 1076 hostium
1827 1007 2156 1075 caedibus
2192 1030 2349 1076 esse
2384 1007 2725 1089 solebant,

368 1116 484 1206 qui
546 1116 612 1184 in
679 1116 932 1206 templa
981 1115 1460 1204 confugerant,
1532 1126 1743 1204 atque
1810 1126 2087 1204 praeter
2150 1114 2724 1183 consuetudinem

367 1235 516 1292 erat
576 1223 892 1291 homines
954 1222 1273 1293 occidere
1337 1223 1425 1290 ad
1483 1245 1641 1290 aras
1691 1223 1983 1291 deorum
2008 1225 2075 1311 2).
2174 1223 2403 1308 Quem
2453 1245 2721 1291 morem

369 1331 572 1400 etiam
624 1342 871 1418 gentes
921 1329 1360 1398 Christianae
1409 1329 1571 1397 fidei
1621 1330 1936 1397 addictae
2001 1331 2494 1398 observabant.
2590 1329 2725 1397 No-

366 1451 509 1507 tum
561 1449 668 1507 est
714 1438 875 1506 illud
924 1450 1369 1527 praeceptum
1407 1436 1663 1505 Alarici
1715 1435 1902 1525 regis
1950 1437 2246 1504 Romam
2300 1437 2721 1527 occupantis,

363 1554 447 1612 nt
503 1549 573 1612 si
625 1548 748 1633 qui
798 1548 871 1611 z'n
916 1553 1152 1611 sancta
1199 1548 1339 1612 loca
1375 1547 1879 1633 praecipueque
1923 1547 1995 1610 in
2041 1553 2428 1612 sanctornm
2475 1552 2727 1633 aposto-

367 1657 583 1720 lorum
629 1656 829 1719 Petri
866 1660 934 1718 et
972 1655 1189 1718 Pauli
1229 1654 1530 1718 basilicas
1579 1654 2054 1739 confngzlvsent,
2105 1655 2223 1718 hos
2269 1654 2581 1740 inprimis
2628 1654 2728 1718 in-

365 1763 637 1827 violatos
693 1784 1093 1847 securosque
1149 1784 1287 1826 esse
1338 1761 1662 1834 sinerent,
1728 1766 1875 1825 turn
1943 1761 2202 1835 deinde,
2275 1763 2348 1826 in
2398 1769 2728 1846 quantum

356 1875 649 1955 possent,
687 1870 991 1955 praedae
1038 1869 1380 1933 inhiantes
1426 1891 1468 1932 a
1512 1869 1854 1954 sangnine
1901 1875 2356 1955 temperarent
2372 1868 2439 1956 ⁸).

582 1973 931 2042 Interdum
983 1973 1379 2064 imperator,
1445 1971 1849 2064 priusquam
1902 1986 2309 2065 oppugnata
2372 1986 2480 2043 est
2541 1976 2726 2056 urbS,

367 2081 655 2150 consilio
689 2081 925 2149 habito
966 2105 1052 2149 ex
1086 2080 1390 2149 omnium
1439 2083 1779 2149 sententia
1818 2081 2141 2151 militibus
2176 2081 2405 2164 edixit,
2456 2105 2542 2150 ne
2577 2082 2730 2170 quis

370 2189 657 2257 liberum
724 2211 979 2279 corpus
1043 2188 1336 2256 violaret
1353 2192 1420 2272 4).
1518 2188 1705 2276 Quin
1773 2189 1997 2272 etiam,
2061 2200 2138 2257 ut
2190 2200 2596 2278 parceretur
2641 2188 2731 2256 in-

371 2293 615 2378 noxiis,
666 2294 842 2362 edici
887 2294 1128 2384 potuit,
1178 2295 1295 2384 qui
1335 2296 1609 2379 vellent,
1660 2295 1927 2363 exirent
1973 2318 2281 2385 suasque
2329 2319 2443 2364 res
2492 2318 2726 2364 secum

370 2402 745 2482 deferrent,
825 2401 1082 2470 liberos
1158 2425 1284 2470 eos
1363 2403 1633 2471 futuros
1713 2426 1981 2492 suaque
2060 2403 2288 2472 omnia
2366 2404 2725 2472 habituros

366 2532 546 2591 esse,
627 2509 744 2597 qui
823 2522 981 2578 ante
1060 2521 1317 2578 certam
1399 2510 1578 2579 diem
1656 2511 1999 2592 exissent;
2078 2522 2239 2601 post
2320 2534 2473 2579 eam
2524 2510 2723 2593 diem,

367 2616 625 2707 quique
688 2617 992 2686 exissent
1070 2616 1325 2708 quique
1396 2617 1488 2687 ibi
1564 2618 2004 2701 mansissent,
2083 2619 2383 2688 hostium
2455 2618 2725 2687 futuros

369 2747 660 2793 numero
681 2730 749 2810 ⁶).

582 2831 730 2902 Sed
757 2844 1031 2902 exstant
1062 2835 1247 2902 haud
1279 2857 1436 2902 rara
1462 2834 1870 2916 testimonia,
1932 2857 2112 2924 quae
2147 2845 2463 2924 pugnant
2487 2844 2728 2901 contra

368 2940 543 3007 hanc
568 2939 814 3007 veniae
848 2941 1442 3014 consuetudinem.
1513 2941 1783 3010 Omnes
1812 2944 2115 3031 puberes
2149 2942 2493 3010 interdum
2524 2940 2721 3007 inter·

382 3045 537 3114 fecti
572 3058 732 3113 sunt
754 3050 824 3129 6).
889 3047 1092 3132 Quae
1119 3049 1435 3138 exempla
1471 3071 1622 3115 cum
1654 3048 2385 3137 pervestigaverimuS‚
2436 3047 2523 3115 ad
2551 3047 2727 3115 hanc

372 3152 843 3221 crudelitatem
895 3154 1112 3222 duces
1161 3155 1539 3243 profugere
1593 3154 2048 3225 consuevisse
2096 3155 2608 3243 intellegemuS,
2669 3155 2724 3223 si

369 3261 611 3328 hostes
642 3283 915 3328 summa
949 3260 1018 3328 vi
1052 3284 1132 3329 ac
1172 3260 1548 3351 pertinacia
1592 3262 2003 3334 restiterant.
2083 3262 2465 3350 Dionysius
2500 3261 2723 3352 Hal.⁷)

367 3367 524 3457 lege
572 3368 949 3437 Romulum
1001 3368 1317 3437 sanxisse
1367 3381 1619 3453 narrat,
1672 3392 1759 3437 ne
1789 3369 2095 3460 puberes
2126 3370 2191 3438 in
2227 3370 2512 3439 urbibus
2547 3371 2726 3438 bello

583 3567 626 3634 ¹)
682 3566 912 3639 Ioseph.
952 3567 1006 3624 b.
1048 3566 1088 3622 Ι.
1125 3570 1176 3637 6,
1216 3583 1268 3639 5,
1312 3584 1369 3636 13
1407 3570 1458 3635 6,
1497 3570 1549 3638 6,
1592 3585 1639 3623 1.

581 3654 625 3725 ²)
684 3656 1150 3730 Appian.Mithr.
1188 3674 1275 3729 53,
1317 3674 1418 3729 773
1459 3656 1617 3713 Suet.
1659 3658 1810 3729 Aug.
1854 3676 1937 3730 17.

580 3743 621 3812 8)
675 3746 850 3801 Oros.
889 3764 939 3818 7,
978 3764 1068 3817 39,
1110 3764 1157 3804 1.

577 3833 622 3901 ⁴)
676 3834 798 3891 Liv.
838 3852 926 3906 25,
964 3853 1050 3907 25,
1091 3849 1141 3908 7.

581 3921 622 3989 ⁸)
677 3922 801 3980 Liv.
840 3942 926 3997 25,
967 3943 1052 3996 22,
1096 3944 1190 3995 11;
1229 3929 1315 3995 26,
1358 3943 1440 3997 12,
1479 3942 1531 3997 5.

582 4010 627 4081 ⁸)
683 4013 809 4070 Liv-
847 4032 899 4084 9,
938 4032 1024 4084 31,
1063 4032 1149 4084 21,
1189 4033 1248 4086 33
1287 4017 1372 4084 26,
1412 4018 1499 4086 46,
1543 4033 1634 4085 103
1672 4032 1760 4085 31,
1799 4033 1885 4087 27,
1925 4033 1992 4087 43
2032 4033 2118 4088 34,
2161 4033 2243 4087 ΙΟ,
2282 4033 2341 4085 23
2380 4034 2466 4088 43,
2510 4036 2591 4088 19,
2636 4035 2729 4087 12;

365 4100 503 4155 Sall.
543 4100 662 4171 Iug.
702 4105 788 4169 26,
827 4119 889 4172 33
928 4120 1014 4174 54,
1050 4106 1116 4173 63
1153 4122 1241 4175 91,
1280 4108 1341 4174 6;
1381 4104 1860 4178 Appian.Samn.
1899 4107 1960 4174 6;
2001 4104 2148 4161 Gall.
2176 4124 2301 4178 1,4;
2348 4106 2425 4161 lb.
2465 4124 2560 4177 523
2603 4124 2728 4176 1003

366 4190 519 4263 lllyr.
578 4192 675 4258 163
736 4191 903 4246 Dion.
957 4193 1088 4248 Hal.
1143 4213 1225 4264 1o,
1277 4198 1371 4264 263
1435 4195 1605 4250 Diod.
1656 4195 1763 4265 frg.
1818 4211 1906 4264 33,
1964 4211 2053 4264 193
2111 4194 2256 4251 Plut.
2305 4195 2526 4251 Sertor.
2571 4214 2620 4266 3,
2668 4214 2728 4268 33

363 4279 546 4334 Tacit.
587 4296 718 4335 ann.
761 4298 842 4351 13,
891 4298 986 4352 393
1048 4282 1280 4356 Ioseph.
1317 4285 1371 4340 b.
1415 4284 1537 4341 Iud.
1576 4301 1627 4354 3,
1685 4301 1734 4355 7,
1779 4301 1836 4352 13
1893 4301 1943 4355 3,
1983 4302 2033 4355 7,
2073 4302 2138 4354 31
2152 4301 2167 4353 ;
2230 4302 2280 4355 3,
2319 4304 2369 4357 7,
2408 4289 2507 4357 36;
2565 4286 2728 4343 Cass,

367 4369 496 4426 Dio.
535 4369 642 4527 frg).
680 4387 911 4515 30—635,
956 4389 1073 4443 104,
1114 4389 1171 4443 73
1210 4390 1298 4444 40,
1337 4391 1423 4445 34,
1462 4392 1520 4445 45
1559 4373 1702 4428 Zon.
1742 4375 1794 4443 8,
1840 4391 1901 4428 11
1914 4391 1930 4442 ;
1967 4392 2019 4443 9,
2064 4391 2145 4428 1o.

680 4477 731 4530 2,
775 4478 801 4515 1
845 4504 857 4517 .
