3467 5350
1358 626 1807 699 *15⁶*

408 804 649 877 hostes
728 826 903 876 vero
984 806 1188 875 noxii.
1313 807 1522 874 Haud
1602 806 1943 876 immerito
2021 804 2422 876 Lactantius
2486 803 2649 877 dicit
2677 808 2761 895 1);

412 918 769 1002 Quantum
835 925 1059 984 autem
1108 938 1153 983 a
1202 917 1461 983 lustitia
1532 915 1808 983 recedat
1883 916 2145 983 utilitas
2165 968 2179 997 ,
2250 917 2549 1005 populus
2625 918 2766 1005 ipse

413 1024 774 1091 Romanus
821 1024 1030 1105 docet,
1082 1024 1205 1112 qui
1231 1032 1364 1111 per
1404 1024 1691 1110 fetiales
1740 1022 1911 1090 bella
1959 1023 2313 1090 indicendo
2361 1032 2426 1090 et
2467 1024 2766 1113 legitime

412 1134 708 1200 iniurias
735 1132 1069 1219 faciendo
1116 1140 1511 1219 semperque
1553 1131 1779 1197 aliena
1827 1131 2151 1219 cupiendo
2200 1133 2764 1220 atque'rapiendo

404 1241 912 1328 possessionem
982 1238 1118 1306 sibi
1179 1239 1383 1305 totius
1453 1236 1638 1304 orbis
1709 1239 2151 1327 comparavit.
2247 1237 2590 1323 Quoniam
2659 1238 2766 1307 ius

415 1345 573 1414 belli
622 1345 964 1414 artissime
1005 1346 1335 1413 cohaeret
1367 1367 1521 1413 cum
1556 1343 1705 1412 iure
1740 1367 1944 1413 sacro
1978 1367 2106 1434 per
2138 1343 2399 1414 fetiales
2435 1345 2762 1414 indictum

416 1465 521 1523 est
594 1453 846 1521 bellum
873 1457 941 1536 2).
1048 1453 1104 1521 F
1108 1452 1446 1521 ormulam
1517 1451 1674 1520 belli
1744 1451 2085 1521 indicendi
2157 1452 2532 1520 memoriae
2602 1475 2763 1522 esse

417 1561 762 1651 proditam
813 1572 1087 1629 constat
1133 1572 1201 1628 et
1248 1583 1289 1628 a
1336 1559 1535 1628 Livio
1559 1564 1610 1647 3)
1660 1572 1730 1629 et
1778 1584 1818 1629 a
1867 1558 2093 1630 Gellio
2121 1563 2193 1643 4).

633 1668 777 1738 Sed
848 1690 934 1736 ne
982 1667 1139 1757 quis
1187 1667 1507 1758 opinetur
1556 1667 1878 1735 omnibus
1930 1668 2361 1757 temporibus
2409 1667 2770 1736 Romanos

422 1775 748 1863 religiose
810 1776 1064 1844 bellum
1125 1775 1490 1843 indixisse:
1559 1773 1690 1842 iam
1745 1774 1824 1844 C.
1871 1774 2077 1843 Iulius
2128 1773 2396 1844 Caesar
2460 1776 2527 1842 in
2576 1775 2771 1844 bellis

422 1906 579 1951 curn
630 1882 867 1966 Gallis,
919 1881 1308 1964 Germanis,
1376 1881 1719 1950 Britannis
1770 1881 1990 1971 gestis
2039 1882 2143 1951 ius
2191 1882 2417 1952 fetiale
2466 1882 2773 1970 neglexit

396 1990 917 2079 ,desieruntque
965 1991 1259 2058 Romani
1310 2001 1556 2079 putare
1605 1989 1860 2058 bellurn
1907 2013 2068 2060 esse
2114 2013 2413 2059 sacrum.

637 2098 984 2184 Quoniam
1064 2100 1317 2167 iustum
1395 2097 1645 2166 bellum
1730 2098 1896 2185 quid
1973 2099 2079 2180 sit,
2161 2110 2468 2166 statuere
2545 2097 2773 2166 conati

425 2227 686 2288 sumuS,
737 2227 918 2273 nunc
970 2206 1443 2292 quaerendum
1495 2217 1622 2283 est,
1673 2205 1950 2293 quinam
2002 2206 2089 2274 sit
2136 2205 2286 2274 iure
2333 2205 2492 2273 belli
2525 2204 2774 2274 intelle·

422 2313 700 2400 gendus
750 2312 1069 2381 hostis,
1166 2312 1596 2403 Pomponius
1645 2311 1808 2380 dicit
1832 2317 1919 2395 ⁶):
2018 2312 2275 2380 Hostes
2309 2312 2396 2379 kz·
2429 2321 2607 2398 sunt,
2660 2314 2783 2401 qui

426 2420 619 2488 nobis
691 2430 816 2489 aut
889 2420 1132 2510 quibus
1210 2445 1331 2490 nos
1393 2421 1657 2509 publice
1730 2420 1973 2494 bellum
2043 2421 2504 2488 decrevimus:
2578 2421 2784 2487 ceteri

419 2529 819 2596 latrones
866 2537 990 2597 aut
1017 2529 1523 2617 praedones
1568 2537 1750 2596 sunt.
1815 2526 2153 2617 Ulpianus
2175 2528 2261 2616 ⁶):
2313 2526 2570 2594 Hostes
2593 2535 2772 2609 sunt,

423 2636 666 2726 quibus
690 2636 932 2705 bellum
950 2636 1214 2726 publice
1233 2637 1530 2726 populus
1555 2635 1915 2705 Romanus
1945 2635 2239 2703 decrevit
2266 2635 2376 2703 vel
2408 2636 2549 2723 ipse
2559 2643 2775 2723 popu-

417 2746 484 2812 lo
520 2744 873 2822 Romano;
920 2746 1126 2813 ceteri
1164 2745 1622 2813 latrunculi
1658 2746 1770 2811 vel
1797 2744 2269 2832 praedones
2324 2743 2771 2831 appellantur.

423 2852 495 2919 In
545 2852 845 2920 hostiurn
900 2875 1191 2920 numero
1241 2852 1676 2919 habebantur
1722 2849 1926 2919 etiam
1978 2850 2146 2919 socii
2195 2850 2311 2917 vel
2339 2849 2595 2917 subditi
2625 2848 2775 2917 eius

422 2959 678 3049 populi,
745 2982 900 3027 curn
952 2981 1093 3047 quo
1142 2959 1392 3027 bellum
1455 2959 1707 3027 iustum
1762 2959 2138 3047 gerebatur
2187 2980 2592 3047 omnesque,
2659 2956 2773 3044 qui

423 3066 598 3135 intra
632 3064 807 3133 fines
842 3065 1143 3133 hostium
1196 3066 1548 3152 degebant
1573 3069 1641 3147 ⁷).
1700 3064 2022 3153 Negatur
2066 3068 2175 3133 ius
2221 3088 2390 3144 esse,
2438 3066 2562 3154 qui
2585 3065 2779 3132 miles

422 3197 557 3240 non
604 3174 711 3255 sit,
761 3196 911 3240 cum
958 3173 1148 3240 hoste
1180 3182 1506 3262 pugnare
1526 3176 1600 3256 8).

640 3279 785 3349 Sed
837 3303 923 3348 ne
973 3279 1129 3369 quis
1178 3279 1243 3347 in
1316 3301 1627 3348 errorem
1701 3280 1991 3348 incidat:
2063 3302 2207 3347 vox
2278 3280 2587 3348 hostis
2635 3280 2778 3349 aliis

425 3387 856 3476 temporibus
934 3388 1129 3456 aliam
1184 3388 1319 3456 vim
1369 3387 1695 3455 habuisse
1764 3400 2052 3455 constat.
2148 3386 2376 3456 Varro
2399 3390 2483 3477 9);
2558 3390 2774 3456 multa

647 3589 686 3654 ¹)
743 3588 880 3644 Inst.
920 3588 1035 3645 div.
1072 3592 1123 3659 6,
1160 3606 1212 3661 9.

646 3676 687 3746 ²)
746 3678 835 3734 De
876 3678 983 3733 hoc
1010 3679 1256 3750 collegio
1282 3678 1423 3735 satis
1450 3679 1645 3735 multis
1672 3677 1871 3734 verbis
1898 3677 2216 3752 Dionysius
2242 3677 2781 3735 Halicarnassensis

431 3772 500 3838 (2,
542 3768 630 3840 72)
670 3769 866 3840 deque
916 3769 1040 3824 iure
1093 3771 1249 3840 quod
1302 3769 1505 3824 dicitur
1557 3769 1733 3824 fetiali
1789 3769 2044 3825 nonnulli
2097 3769 2484 3824 recentiorum
2539 3777 2782 3839 egerunt

432 3860 519 3926 (cf.
560 3861 850 3930 p.8—1o).

646 3948 688 4014 8)
751 3966 796 4019 1,
835 3966 920 4019 32,
965 3950 1136 4018 12l13·

646 4037 690 4103 4)
749 4038 816 4093 N.
857 4038 929 4092 A.
972 4039 1053 4108 16,
1091 4057 1142 4109 4,
1188 4055 1231 4093 1.

650 4125 693 4193 ⁶)
751 4125 879 4197 Dig.
916 4145 1003 4198 50,
1047 4128 1141 4195 163
1180 4127 1244 4182 L.
1287 4129 1404 4182 118.

647 4214 689 4283 ⁰)
747 4213 878 4286 Dig-
918 4233 1004 4286 49,
1049 4232 1141 4286 153
1180 4215 1244 4272 L·
1283 4233 1370 4287 24·

652 4304 692 4370 7)
750 4304 874 4360 Liv.
913 4321 1000 4375 30,
1043 4323 1108 4376 14
1123 4323 1137 4373 ;
1177 4322 1263 4375 31,
1299 4309 1364 4374 63
1403 4309 1489 4376 36,
1533 4323 1591 4375 13
1632 4307 1701 4363 cf.
1741 4306 2212 4377 Osenbrueggen
2252 4325 2308 4379 p.
2347 4327 2432 4378 44.

646 4393 691 4463 ⁸)
749 4394 864 4451 Cic.
905 4395 1001 4450 off.
1045 4413 1090 4465 1,
1129 4413 1215 4466 37.

652 4484 697 4557 ο)
755 4487 830 4539 de
871 4485 904 4540 l.
946 4485 977 4540 l.
1017 4502 1067 4555 5,
1108 4502 1155 4556 3.
