3467 5350
682 1447 813 1518 Πάς
839 1450 945 1535 γάρ
983 1450 1238 1531 πόλεμος
1271 1445 1611 1532 ἐκβεβηκως
1637 1448 1712 1509 τά
1744 1451 1957 1529 νόμιμα
1987 1447 2081 1509 καὶ
2105 1448 2292 1509 δίκαια
2324 1453 2442 1508 τῶν
2476 1448 2829 1533 ἀνθρώπων,

469 1559 629 1639 ὅμως
678 1558 795 1643 ἔχει
858 1557 1016 1627 τινας
1078 1557 1261 1629 ἰδίους
1326 1555 1644 1643 καθαπερεὶ
1723 1558 1978 1638 νόμους,
2044 1558 2160 1616 οἷον
2225 1555 2452 1641 ἀνοχάς
2514 1555 2595 1638 μὴ
2644 1553 2824 1629 λύειν,

467 1668 693 1751 κήρυκα
740 1664 820 1749 μὴ
869 1667 1137 1751 ἀναιρεῖν,
1187 1665 1287 1726 τὸν
1336 1663 1401 1726 τὸ
1451 1669 1622 1745 σῶμα
1670 1662 1848 1725 αὑτοῦ
1896 1662 2048 1749 πρὸς
2097 1661 2206 1748 τὴν
2255 1668 2357 1725 τοῦ
2399 1664 2827 1749 κατισχύοντος

465 1771 651 1834 πίστιν
699 1771 1095 1857 τιμωρεῖσθαι.
1194 1767 1402 1835 Diod.
1453 1766 1583 1855 frg.
1632 1789 1740 1855 30,
1798 1768 1898 1856 18,
1949 1790 2011 1833 2.

494 1885 498 1889 ’
686 1927 700 1942 .
740 1930 753 1943 .
791 1927 804 1940 .
854 1878 1112 1964 χαλεπὸν
1179 1880 1283 1960 μέν
1350 1878 1470 1941 ἐστι
1527 1878 1795 1959 πόλεμος
1859 1877 1955 1939 καὶ
2015 1878 2106 1940 διὰ
2168 1878 2412 1964 πολλῆς
2460 1877 2688 1950 ἀδικίας
2735 1878 2830 1939 καὶ

468 1986 666 2069 βιαίων
712 1989 1124 2073 περαινόμενος
1172 1987 1379 2073 ἔργων,
1430 1986 1536 2049 εἰσὶ
1586 1984 1648 2048 ’δὲ
1696 1986 1791 2047 καὶ
1823 1984 2100 2068 πολέμων
2131 1987 2292 2067 ὅμως
2322 1984 2472 2056 τινὲς
2504 1989 2665 2067 νόμοι
2699 1993 2830 2058 τοῖς

468 2095 718 2177 ἀγαθοῖς
766 2094 1018 2180 ἀνδράσι,
1085 2094 1179 2154 καὶ
1229 2093 1296 2155 τὸ
1345 2102 1502 2155 νικᾶν
1564 2093 1673 2179 οὐχ
1719 2092 1876 2155 οὔτω
1924 2093 2220 2168 διωκτέον,
2271 2092 2424 2155 ὥστε
2473 2094 2554 2177 μὴ
2605 2094 2831 2179 φεύγειν

469 2201 586 2274 τάς
632 2201 698 2263 ε’κ
743 2206 936 2262 κακῶν
985 2200 1079 2262 καὶ
1125 2198 1354 2283 ἀσεβῶν
1403 2200 1597 2286 ἔργων
1646 2206 1919 2287 χάριτας.
2016 2197 2189 2270 Plut.
2241 2195 2435 2264 Cam.
2494 2219 2592 2264 10.

690 2393 846 2461 lura
882 2393 1221 2482 quaedam
1264 2392 1420 2459 belli
1469 2392 1654 2480 apud
1706 2414 1953 2459 omnes
2004 2392 2322 2481 populos,
2376 2415 2669 2482 quorum
2717 2416 2830 2461 res

469 2513 708 2589 gestas
757 2501 1149 2568 accuratius
1201 2498 1613 2587 perscrutati
1662 2511 1824 2566 sunt
1871 2498 2184 2567 homines
2234 2500 2437 2582 docti,
2509 2500 2832 2569 omnibus

469 2607 901 2698 temporibus
972 2606 1441 2690 inveniuntur,
1517 2606 1644 2674 sed
1713 2605 1919 2674 valde
1989 2605 2263 2695 singula
2336 2607 2509 2675 inter
2577 2631 2655 2675 se
2705 2607 2833 2677 dis-

469 2730 771 2806 crepant.
865 2714 1134 2783 Tamen
1186 2717 1319 2782 hoc
1373 2738 1585 2783 unum
1631 2737 1761 2804 pro
1800 2726 1990 2782 certo
2023 2715 2281 2783 habere
2316 2717 2654 2784 debemus
2686 2716 2830 2784 fere

469 2825 572 2893 his
641 2825 915 2892 duabus
985 2847 1069 2891 ex
1139 2823 1364 2891 causis
1423 2834 1591 2906 orta⁷
1624 2843 1783 2890 esse
1833 2822 1988 2890 belli
2038 2822 2219 2890 iura:
2270 2846 2357 2890 ex
2408 2823 2829 2892 humanitate

473 2943 540 2999 et
587 2953 676 2999 ex
725 2931 1072 2999 commodi
1122 2930 1407 3002 ratione.
1489 2930 1738 3019 Neque
1771 2931 2004 2998 verbis
2033 2953 2211 3018 opus
2259 2943 2386 3011 est,
2436 2944 2512 2999 ut
2550 2932 2829 2999 demon-

466 3049 726 3105 stretur
789 3038 918 3107 alia
968 3060 1098 3105 nos
1145 3037 1241 3105 uti
1294 3037 1716 3105 humanitate
1767 3061 1847 3104 ac
1896 3037 2197 3105 maiores
2248 3050 2550 3107 nostros.
2646 3038 2827 3106 Nam

470 3168 594 3234 per
643 3144 851 3213 multa
900 3144 1180 3211 saecula
1226 3144 1454 3232 magis
1505 3144 1872 3233 magisque
1922 3144 1985 3210 in
2035 3146 2453 3234 populorum
2503 3144 2828 3235 Europae

468 3251 710 3320 animis
762 3253 948 3318 notio
999 3250 1442 3319 humanitatis
1490 3263 1595 3318 est
1642 3250 1844 3319 insita
1892 3264 2101 3341 atque
2150 3252 2346 3341 quasi
2396 3252 2824 3341 consignata.

469 3359 615 3428 Sed
695 3359 828 3427 hoc
911 3381 1048 3426 non
1133 3359 1650 3447 neglegendum
1739 3370 1843 3426 est
1927 3358 2402 3427 humaniorem
2487 3360 2824 3429 rationem

469 3467 623 3535 belli
672 3466 963 3555 gerendi
1012 3466 1222 3534 inisse
1271 3466 1568 3556 primum
1617 3465 1964 3555 principes
2014 3467 2361 3535 civitatum
2399 3469 2509 3536 vel
2545 3468 2826 3537 omnino

469 3575 806 3657 homines,
896 3586 968 3642 ut
1040 3574 1129 3641 ita
1199 3573 1444 3658 dicam,
1517 3573 1913 3657 nobiliores,
1998 3598 2153 3642 cum
2225 3598 2504 3666 semper
2572 3560 2826 3664 vulgus

468 3704 885 3772 persuasum
963 3682 1252 3750 haberet
1321 3682 1502 3749 bello
1574 3684 1848 3772 incepto
1919 3706 2075 3751 esse
2151 3683 2394 3751 licitam
2467 3683 2822 3751 saevitiam

470 3790 1085 3877 crudelitatemque
1136 3790 1360 3857 omnis
1405 3790 1704 3877 generis,
1787 3792 1883 3858 At
1931 3813 2068 3858 non
2105 3790 2327 3858 solum
2365 3790 2823 3873 humanitatiS,

470 3898 594 3964 sed
623 3898 823 3964 etiam
858 3896 1205 3963 commodi
1246 3919 1553 3984 ususque
1585 3920 1798 3965 causa
1831 3897 2112 3986 saepius
2147 3909 2571 3987 temperatur
2604 3898 2822 3965 victis.

470 4003 707 4092 Atque
756 4003 1118 4071 Romanos
1165 4003 1230 4071 in
1268 4004 1448 4071 bello
1482 4003 1745 4073 utilitati
1778 4005 2115 4093 paruisse,
2163 4027 2443 4094 semper
2475 4006 2559 4072 ad
2595 4027 2855 4072 novos.

473 4132 678 4177 casus
741 4123 1130 4198 temporum
1197 4134 1541 4180 novorum
1593 4112 2039 4181 consiliorum
2088 4112 2391 4180 rationes
2441 4135 2824 4180 accommo-

475 4218 683 4285 dasse
732 4228 1021 4284 testatur
1069 4216 1318 4285 Cicero
1336 4223 1405 4303 1).
1500 4219 1703 4305 Quae
1752 4242 1906 4288 cum
1956 4220 2050 4287 ita
2095 4220 2248 4303 sint,
2315 4221 2495 4288 haud
2547 4242 2707 4289 raro
2756 4220 2820 4287 id

688 4433 731 4506 ¹)
772 4433 848 4488 de
885 4432 1026 4508 imp.
1068 4433 1170 4490 Cn.
1211 4434 1416 4509 Pomp.
1455 4437 1541 4492 60.
