3467 5350
1365 623 1851 670 —101—

436 822 563 890 pro
610 798 900 890 imperio
947 797 1271 868 Romano
1330 797 1525 866 iussu
1584 796 2082 887 imperatorum
2143 798 2321 866 bella
2368 796 2791 868 administra·

436 908 602 976 bant
621 911 689 993 ¹).

650 1013 824 1083 Pars
852 1013 1194 1103 quaedam
1226 1011 1660 1102 captivorum
1685 1034 1727 1080 a
1753 1011 2045 1080 ducibus
2072 1013 2584 1096 reservabatur,
2616 1024 2694 1081 ut
2724 1012 2792 1081 in

438 1121 725 1190 edendis
745 1120 1005 1211 populo
1026 1119 1206 1189 ludis
1229 1118 1631 1188 muneribus
1652 1118 2116 1208 gladiatorum
2136 1119 2613 1208 fungerentur.
2652 1119 2791 1207 Qui

436 1251 589 1298 mos
624 1227 926 1296 crebruit
959 1226 1382 1297 Caesaribus
1415 1249 1661 1295 omnes
1700 1226 1905 1294 ludos
1955 1226 2465 1314 magnificentia
2507 1249 2790 1316 magno·

437 1358 573 1427 que
597 1358 890 1405 numero
915 1335 1374 1424 gladiatorum
1403 1333 1814 1403 conantibus
1843 1333 2445 1424 splendidissimos
2470 1335 2787 1404 reddere.

651 1442 921 1512 Everso
989 1440 1281 1531 imperio
1341 1439 1604 1510 Punico
1652 1440 1960 1531 Scipio
2023 1453 2418 1510 exterarum
2479 1441 2785 1531 gentium

436 1550 832 1639 transfugas
919 1548 987 1618 in
1078 1547 1366 1617 edendis
1456 1548 1716 1639 populo
1800 1547 2214 1639 spectaculis
2304 1548 2467 1617 feris
2552 1548 2789 1619 bestiis

434 1656 774 1742 obiecit2).
869 1657 946 1729 L.
982 1656 1287 1724 Paulus
1319 1655 1537 1724 Perse
1584 1678 1758 1744 rege
1790 1667 2123 1746 superato
2160 1656 2470 1725 eiusdem
2505 1655 2788 1746 generis

436 1777 505 1833 et
582 1765 827 1855 culpae
902 1764 1222 1833 homines
1306 1764 1689 1854 elephantis
1767 1765 2234 1854 proterendos
2311 1764 2691 1833 substravit
2716 1767 2786 1850 ⁸).

436 1873 551 1941 M.’
599 1872 1027 1962 Aquilius
1074 1871 1255 1940 mille
1303 1894 1556 1941 servos
1604 1885 1848 1963 captos
1896 1871 2195 1940 Romam
2244 1872 2585 1941 abductos
2632 1894 2787 1946 cum

435 1980 671 2049 bestiis
718 2002 1036 2069 pugnare
1084 1978 1281 2048 iussit
1301 1983 1368 2065 ⁴).
1462 1979 1950 2069 Spartacus
1997 1978 2106 2048 ille
2153 2002 2193 2048 e
2241 1979 2517 2070 captivo
2566 1979 2786 2049 factus

435 2099 584 2156 erat
608 2086 1036 2177 gladiator⁶).
1071 2086 1422 2184 *Caesar
1456 2086 1804 2177 triumpho
1834 2086 2299 2177 pulcherrimo
2335 2099 2490 2155 acto
2525 2099 2786 2155 tantum

433 2194 865 2284 captivorum
944 2182 1308 2263 numerum
1388 2194 1799 2284 depugnare
1875 2192 2092 2275 iussit,
2179 2204 2250 2261 ut
2326 2194 2419 2262 ob
2493 2194 2786 2263 multitu·

432 2302 659 2372 dinem
735 2324 1100 2371 caesorum
1169 2301 1796 2391 reprehenderetur
1816 2306 1890 2386 ⁶).
1983 2300 2245 2371 Sextus
2307 2301 2786 2391 Pompeius

434 2409 866 2501 captivorum
908 2409 1376 2500 spectaculum
1412 2409 1660 2477 navale
1694 2408 2001 2477 exhibuit
2033 2408 2099 2476 in
2148 2408 2323 2477 freto
2357 2431 2578 2498 prope
2610 2409 2788 2477 Rhe·

433 2518 621 2606 gium
650 2521 716 2603 ⁷).
834 2517 1297 2606 Augustus
1365 2538 1648 2605 quoque
1710 2528 1874 2605 post
1938 2516 2358 2605 triumphum
2424 2515 2787 2585 Actiacum

432 2638 696 2695 turmas
730 2623 1082 2694 Dacorum
1118 2636 1188 2694 et
1220 2624 1620 2695 Suevorum
1656 2624 1723 2694 in
1758 2647 2037 2694 arenam
2073 2622 2454 2693 introduxit
2471 2627 2540 2710 ⁸).
2620 2624 2790 2696 Inde

433 2733 710 2824 saepius
743 2744 988 2821 captos
1023 2731 1087 2800 in
1124 2755 1337 2801 arena
1367 2746 1661 2802 mortem
1711 2730 1987 2802 subisse
2034 2732 2424 2802 invenimus
2441 2737 2513 2818 ⁹).
2609 2731 2784 2801 Deli-

433 2840 593 2909 bata
663 2842 1004 2929 quaedam
1075 2840 1449 2931 proferam.
1560 2840 1905 2910 Mariccus
1969 2841 2249 2931 quidam
2309 2863 2349 2908 a
2412 2839 2782 2910 Vitellio

432 2946 592 3016 feris
641 2947 987 3016 obiectus:
1035 2947 1195 3036 quia
1243 2970 1381 3016 non
1430 2947 1835 3029 laniabatur,
1894 2947 2219 3016 stolidum
2272 2948 2528 3037 vulgus
2575 2947 2783 3017 invio-

430 3054 701 3123 labilem
737 3054 1085 3136 credebat,
1138 3055 1362 3123 donec
1395 3066 1755 3145 spectante
1786 3053 2059 3123 Vitellio
2104 3053 2503 3123 interfectus
2551 3067 2658 3123 est
2679 3059 2783 3141 ¹⁰).

432 3162 942 3251 Hierosolymis
991 3162 1209 3252 captis
1255 3162 1576 3252 permulti
1608 3161 2027 3231 Iudaeorum
2077 3161 2330 3252 captivi
2376 3161 2544 3230 Titi
2589 3161 2784 3231 iussu

431 3269 609 3338 ludis
656 3269 1081 3357 gladiatoriis
1129 3269 1521 3360 consumpti
1586 3275 1868 3356 sunt11).
1964 3268 2181 3339 Etiam
2231 3292 2271 3338 a
2320 3268 2784 3338 Constan-

433 3375 560 3445 tin
584 3400 627 3445 o
661 3375 1150 3445 Bructerorum
1186 3376 1509 3466 pubereS,
1545 3377 1661 3465 qui
1690 3376 1756 3446 in
1791 3398 2039 3445 manus
2069 3390 2432 3460 venerunt,
2483 3399 2782 3465 quorum

434 3506 559 3553 nec
590 3483 881 3573 perfidia
913 3497 1061 3553 erat
1093 3497 1265 3574 apta*
1301 3484 1574 3553 militiae
1622 3506 1750 3553 nec
1797 3483 2058 3553 ferocia
2104 3483 2437 3566 servituti,
2487 3484 2572 3552 ad
2624 3507 2781 3574 poe·

433 3613 558 3660 nas
603 3591 1003 3681 spectaculo
1065 3591 1204 3660 dati
1251 3591 1644 3661 saevientes
1692 3591 1951 3661 bestias
1995 3591 2424 3660 multitudine
2469 3614 2600 3661 sua
2646 3591 2783 3660 fati·

432 3702 819 3787 garu11t12).
914 3698 1166 3787 Neque
1208 3699 1516 3783 deerant,
1568 3698 1683 3790 qui
1716 3699 1850 3768 tale
1895 3700 2366 3791 spectaculum
2415 3700 2780 3789 pulchrum

649 3932 689 4004 ¹)
731 3933 800 3988 cf.
841 3933 1138 3990 Ammian.
1176 3935 1264 4005 26,
1300 3936 1353 4004 8,
1391 3951 1450 4004 23
1489 3951 1576 4005 29,
1618 3951 1667 4003 1,
1704 3951 1757 3990 2.
1803 3965 1859 3975 ·-
1906 3932 1948 4004 ¹)
1987 3933 2185 3989 Valer.
2223 3933 2379 3989 Max.
2418 3951 2471 4004 2,
2509 3952 2560 4007 7,
2601 3951 2685 4006 13.
2723 3967 2779 3976 —

432 4021 474 4090 ⁸)
513 4022 709 4079 Valer.
731 4023 887 4079 Max.
927 4041 978 4094 2,
1017 4041 1068 4096 7,
1110 4041 1193 4094 14.
1218 4056 1265 4065 -
1297 4022 1342 4093 ⁴)
1381 4023 1552 4080 Diod.
1573 4023 1682 4094 frg.
1720 4024 1811 4094 36,
1852 4040 1934 4093 1o,
1974 4041 2103 4078 2.—
2132 4021 2175 4092 ⁸)
2215 4023 2372 4094 App.
2394 4023 2447 4077 b.
2471 4040 2517 4078 c.
2560 4041 2608 4095 1,
2651 4026 2783 4081 116:

431 4111 486 4165 ἐκ
522 4110 577 4165 δὲ
616 4109 964 4185 αἰχμαλωσίας
999 4107 1078 4166 καὶ
1113 4113 1348 4185 πράσεως
1386 4112 1438 4165 ἐν
1473 4115 1576 4174 τοῖς
1614 4112 1912 4185 μονομάχοις
1962 4110 2048 4167 ὤν.
2112 4144 2168 4153 -
2238 4110 2281 4182 ⁶)
2323 4111 2488 4167 Cass.
2527 4110 2657 4168 Dio.
2697 4131 2783 4185 43,

428 4218 518 4272 23,
555 4219 614 4272 43
652 4219 741 4273 43,
779 4219 867 4273 24,
909 4220 956 4258 1.
1002 4236 1059 4244 —
1108 4202 1149 4273 ⁷)
1189 4202 1353 4258 Cass
1374 4201 1504 4257 Dio.
1524 4203 1612 4272 48,
1654 4220 1739 4273 19,
1780 4219 1829 4256 1.
1874 4233 1932 4243 -
1977 4200 2020 4272 ⁸)
2061 4200 2226 4257 CaSS.
2247 4200 2377 4257 Dio.
2397 4218 2485 4274 51,
2522 4220 2610 4272 22,
2646 4204 2699 4259 6.
2723 4235 2779 4244 —

431 4291 475 4359 ⁸)
516 4290 680 4347 Cass,
719 4290 850 4348 Dio.
889 4292 977 4363 60,
1015 4309 1113 4363 303
1151 4293 1237 4364 76,
1279 4308 1371 4360 1o;
1411 4291 1556 4346 Zon.
1600 4309 1682 4361 12,
1726 4308 1821 4360 103
1861 4291 2102 4361 Eutrop.
2145 4308 2228 4362 10,
2266 4308 2318 4362 3,
2357 4309 2392 4346 2
2404 4308 2420 4360 ς
2459 4291 2655 4347 Amm.
2698 4309 2782 4364 14,

428 4397 481 4450 2,
530 4398 579 4436 1.
638 4413 694 4423 —
762 4379 828 4452 ¹⁶)
869 4381 1010 4438 Tac.
1031 4382 1162 4437 hist.
1191 4400 1243 4453 2,
1281 4381 1368 4436 61.
1414 4414 1470 4424 -
1536 4380 1603 4452 11)
1643 4381 1874 4455 Ioseph.
1915 4381 1969 4439 b,
2008 4380 2048 4437 1.
2087 4381 2138 4455 6,
2176 4399 2229 4455 9,
2267 4398 2327 4452 23
2365 4398 2416 4455 7,
2455 4398 2505 4451 2,
2548 4398 2605 4454 Ι,
2642 4397 2693 4457 7,
2731 4398 2784 4455 3,

433 4487 488 4541 15
525 4488 577 4544 7,
615 4487 667 4544 5,
712 4488 758 4526 1.
804 4504 859 4512 —
911 4470 977 4546 ¹²)
1018 4472 1238 4547 Paneg.
1277 4490 1327 4549 7,
1370 4489 1453 4530 12.
