3467 5350
1770 567 2203 636 „62-

811 766 1301 857 imperatorem
1382 765 1711 835 conviciis
1788 765 2197 847 obruebant,
2289 766 2477 834 velut
2554 762 2806 853 captivi
2881 780 3141 852 pugnae

812 874 1271 964 Philippensis
1335 879 1418 959 (a.
1468 896 1556 962 42
1603 896 1664 942 a.
1714 871 1931 957 Chr.).
2027 871 2165 958 Qui
2236 895 2388 940 cum
2464 870 2757 941 catenati
2826 870 3144 959 produce-

814 995 1070 1065 rentur,
1120 981 1539 1070 imperatore
1571 979 1885 1049 Antonio
1918 978 2302 1048 honorifice
2332 979 2652 1058 salutato,
2695 976 3142 1046 Octavianum

812 1088 1212 1158 foedissimo
1262 1086 1578 1157 convicio
1627 1109 1866 1155 coram
1915 1085 2405 1177 prosciderunt
2427 1091 2490 1170 1).
2586 1085 2886 1153 Velleius
2930 1083 3147 1151 Pater·

814 1198 1009 1265 culus
1057 1219 1144 1265 eo
1193 1198 1370 1278 lom,
1420 1217 1562 1283 quo
1612 1194 1848 1263 laudat
1895 1215 2010 1262 res
2059 1216 2098 1261 a
2142 1192 2420 1262 Tiberio
2468 1193 2532 1260 in
2582 1190 2962 1262 Germania
2991 1189 3148 1257 Pan-

813 1304 1159 1391 noniaque
1192 1314 1453 1391 gestaS,
1492 1301 1870 1371 memoriae
1900 1301 2150 1390 prodit,
2185 1301 2500 1390 captivos
2534 1312 2693 1369 ante
2728 1296 3151 1388 imperatoris

813 1410 1273 1500 procubuisse
1320 1409 1614 1478 tribunal
1635 1413 1709 1495 ²).

1026 1518 1252 1585 Penes
1285 1517 1773 1607 imperatorem
1814 1515 2040 1606 ipsum
2091 1527 2239 1583 erat
2286 1514 2695 1605 supplicium
2746 1535 3024 1582 sumere
3072 1511 3155 1578 de

814 1625 1050 1714 captis,
1100 1625 1165 1694 in
1199 1624 1473 1693 vincula
1505 1623 1859 1692 coniectos
1889 1624 2224 1691 mandare
2256 1622 2634 1707 custodiae,
2684 1643 2965 1690 carcere
3006 1641 3157 1687 con·

813 1732 1002 1815 dere,
1071 1732 1204 1799 sub
1266 1753 1527 1799 corona
1588 1730 1702 1798 vel
1763 1731 1961 1799 hasta
2024 1730 2357 1813 vendere,
2423 1752 2550 1820 per
2613 1727 3153 1818 redemptionem

814 1838 1160 1906 dimittere
1191 1849 1309 1906 aut
1340 1838 1521 1906 ultro
1557 1838 1855 1905 reddere
1895 1836 2232 1907 hostibus.
2327 1836 2472 1907 Sed
2507 1836 2694 1905 haud
2726 1857 2887 1903 raro
2935 1835 3162 1914 fiebat,

815 1958 890 2015 ut
951 1945 1193 2013 consul
1256 1944 1547 2013 reiceret
1610 1966 1754 2012 rem
1821 1944 1907 2012 ad
1968 1956 2282 2013 senatum
2334 1944 2536 2032 eique
2583 1942 3031 2034 permitteret,
3090 1951 3163 2008 ut

817 2052 1259 2135 consultaret,
1310 2073 1447 2140 qua
1496 2054 1768 2120 ratione
1818 2074 2052 2141 quove
2099 2052 2311 2120 modo
2360 2052 2540 2120 bello
2588 2050 2767 2141 capti
2798 2052 2908 2119 vel
2957 2048 3163 2117 dediti

817 2159 1157 2228 tractandi
1217 2170 1472 2228 essent.
1568 2158 1987 2229 Consuleret
2044 2160 2188 2228 dux
2249 2172 2588 2242 senatum,
2675 2180 2963 2228 necesse
3027 2178 3161 2225 non

814 2279 962 2335 erat
980 2272 1049 2351 3).
1144 2267 1299 2335 Iure
1365 2278 1573 2355 atque
1640 2266 1888 2335 merito
1934 2266 2069 2335 Th.
2108 2266 2496 2335 Mommsen
2565 2265 2921 2349 iudicat⁴):
3003 2263 3163 2349 „Bei

817 2375 942 2442 der
989 2372 1409 2462 Verfssgung
1475 2373 1654 2441 fiber
1717 2374 1829 2442 die
1876 2372 2332 2462 Gesangenen
2401 2373 2488 2442 ist
2552 2374 2664 2442 die
2727 2371 3166 2441 militarische

816 2480 1148 2569 Befugnis
1197 2480 1322 2548 des
1354 2480 1739 2549 Feldherrn
1788 2503 1929 2549 von
1977 2481 2102 2549 der
2148 2481 2306 2548 dem
2355 2480 2750 2549 romischen
2790 2479 3166 2567 Regiment

814 2588 1285 2657 zustehenden
1321 2587 1750 2678 politischen,
1802 2587 1989 2656 nicht
2020 2611 2102 2657 so
2133 2587 2266 2657 wie
2311 2588 2421 2656 bei
2470 2589 2598 2657 der
2630 2587 2846 2656 Beute
2895 2587 3165 2655 formell

812 2695 1256 2787 geschieden.
1351 2695 1444 2763 Es
1493 2695 1658 2784 liegt
1703 2695 1769 2764 in
1830 2697 1957 2764 der
2001 2696 2251 2780 Sache,
2317 2697 2483 2765 dass
2531 2682 2949 2765 Uberlaufer
2992 2717 3161 2763 vom

813 2804 1320 2887 militarischen,
1374 2802 1770 2892 gesangene
1813 2804 2198 2873 Feldherrn
2249 2806 2388 2873 und
2436 2804 2491 2873 F
2497 2816 2736 2873 firsten
2787 2826 2949 2871 vom
3002 2803 3166 2892 poli-

811 2912 1078 2981 tischen
1114 2910 1564 3001 Standpunkt'
1593 2934 1719 2980 aus
1754 2912 2125 2981 behandelt
2156 2913 2480 2994 werden;
2527 2914 2698 2981 aber
2744 2912 2897 2981 eine
2944 2912 3165 2980 recht-

811 3019 1010 3102 liche,
1057 3018 1234 3087 feste
1267 3018 1546 3088 Grenze
1578 3018 1666 3088 ist
1697 3019 1847 3088 hier
1876 3020 2062 3089 nicht
2093 3027 2480 3110 gezogen.“
2546 3020 2644 3089 At
2669 3042 2851 3109 quae
2875 3031 3163 3089 senatus

811 3125 1218 3209 censuisset,
1267 3127 1454 3194 haud
1504 3127 1946 3216 neglegenda
1995 3140 2191 3196 erant
2237 3128 2397 3197 duci
2417 3133 2484 3212 ὅ).

1026 3233 1238 3302 Plane
1272 3233 1566 3302 alienum
1601 3257 1642 3302 a
1675 3236 2179 3305 consuetudine
2227 3236 2427 3304 huius
2476 3236 2720 3304 aetatis
2767 3248 2875 3304 est
2892 3239 2943 3319 ⁶)
2977 3235 3163 3303 bello

813 3354 1055 3432 captos
1099 3340 1431 3410 exercitui
1479 3341 1878 3411 adscribere
1941 3342 2463 3433 permixtosque
2495 3343 2837 3433 ‘captivos
2902 3365 3165 3431 cogere

812 3461 1052 3520 contra
1088 3449 1462 3538 populares
1496 3448 1843 3537 stringere
1875 3450 2169 3539 gladios,
2265 3450 2478 3536 Quod
2517 3473 2857 3541 persaepe
2906 3449 3162 3517 factum

811 3570 919 3626 est
966 3555 1162 3625 bellis
1209 3555 1521 3624 civilibus
1568 3557 1678 3624 vel
1729 3556 1908 3625 inter
1951 3556 2329 3625 Caesarem
2363 3570 2431 3624 et
2463 3557 2866 3647 Pompeium
2916 3556 3160 3646 gestis,

813 3662 1090 3750 Quibus
1153 3686 1241 3730 ex
1303 3663 1736 3753 temporibus
1799 3664 1971 3732 haec
2029 3663 2466 3732 consuetudo
2515 3677 2825 3734 remanet
2847 3669 2916 3751 ⁷).
3013 3663 3160 3732 Sed

1031 3897 1069 3961 ¹)
1109 3896 1269 3952 Suet.
1309 3896 1462 3967 Aug.
1505 3913 1586 3966 13.
1634 3929 1689 3937 —
1737 3896 1780 3967 ²)
1816 3896 1968 3952 Vell.
2007 3897 2234 3952 Patere.
2271 3916 2321 3968 2,
2366 3902 2482 3967 106,
2525 3916 2585 3968 13
2624 3917 2675 3969 2,
2718 3917 2836 3971 114,
2874 3918 2925 3971 4.

1028 3984 1070 4053 ⁸)
1112 3984 1280 4041 Dion.
1320 3985 1452 4041 Hal.
1489 4002 1541 4058 5,
1579 3988 1667 4042 60.
1726 4016 1774 4025 —-
1838 3986 1882 4056 ⁴)
1921 3986 1992 4041 R.
2032 3986 2114 4043 St.
2153 4005 2203 4057 3,
2243 4006 2278 4043 2
2313 4006 2370 4060 p.
2414 3990 2659 4059 1109110.

1027 4073 1070 4145 ⁶)
1109 4075 1457 4130 Mommsen.
1497 4075 1531 4130 l.
1571 4075 1606 4131 l.
1678 4105 1731 4113 —
1792 4074 1837 4146 ⁸)
1878 4075 1947 4133 cf.
1985 4076 2236 4132 Lueder.
2274 4094 2330 4149 p.
2370 4095 2492 4149 434.

1029 4163 1070 4234 ⁷)
1108 4163 1276 4220 Diod.
1303 4165 1412 4235 frg.
1449 4181 1536 4236 25,
1580 4181 1672 4220 10:
1712 4161 1883 4234 ἔταξεν
1922 4161 1993 4225 εἷς
2027 4163 2117 4226 τὰς
2157 4161 2279 4226 ἰδίας
2316 4166 2573 4239 στρατιάς;
2608 4167 2759 4223 Plut.
2781 4167 2950 4223 CaeS.
2971 4184 3058 4239 35,
3102 4185 3157 4237 13

811 4257 898 4326 46.
936 4271 995 4323 2;
1033 4253 1243 4325 Pomp.
1263 4256 1351 4325 65,
1389 4271 1453 4322 2;
1493 4252 1749 4326 Appian·
1789 4255 1845 4308 b·
1885 4272 1933 4310 c·
1976 4272 2023 4324 1,
2060 4271 2156 4326 42;
2194 4271 2245 4325 3,
2281 4259 2377 4326 Θο;
2417 4276 2467 4328 4,
2511 4258 2640 4326 116,
2678 4276 2728 4329 4,
2773 4273 2898 4328 1353
2935 4274 2987 4329 5,
3030 4276 3158 4329 1445

814 4343 977 4399 CaSS.
1000 4341 1128 4398 Dio.
1167 4359 1253 4413 41,
1293 4344 1383 4413 62,
1426 4359 1484 4412 13
1523 4360 1608 4414 49,
1652 4359 1733 4412 12,
1773 4361 1836 4413 43
1874 4360 1961 4414 51,
1999 4360 2051 4412 3,
2094 4360 2152 4412 13
2192 4361 2277 4415 71,
2320 4363 2411 4414 11;
2449 4345 2596 4402 Zon.
2634 4364 2718 4415 10,
2755 4363 2819 4416 93
2857 4346 3156 4419 Lamprid.

812 4432 983 4488 Alex.
1000 4432 1206 4487 Sever.
1221 4435 1316 4503 583
1355 4430 1650 4488 Ammian.
1670 4449 1759 4503 31,
1786 4450 1867 4502 10,
1893 4449 1989 4504 173
2029 4432 2096 4488 cf.
2117 4432 2290 4489 Diod.
2308 4433 2418 4506 frg.
2437 4453 2524 4505 22,
2549 4452 2641 4506 13;
2681 4435 2886 4508 Polyb.
2907 4455 2952 4507 1,
2974 4437 3157 4508 78,13.
