3467 5350
1562 1506 1687 1586 III.

667 1772 1014 1859 Quoniam
1050 1771 1703 1855 demonstravimuS,
1757 1796 1936 1864 quae
1985 1786 2171 1843 esset
2219 1797 2379 1844 sors
2407 1775 2606 1845 ,bello
2653 1797 2803 1865 cap-

455 1892 682 1949 torum
743 1880 809 1948 in
876 1878 1270 1969 captivitate
1329 1878 1499 1969 ipsa,
1565 1902 1749 1948 nunc
1813 1903 2253 1969 quaeramus,
2329 1881 2582 1970 quibus
2649 1904 2804 1950 con-

454 1985 837 2056 dicionibus
902 1985 1183 2054 libertas
1247 1984 1680 2075 captivorum
1754 1987 2021 2056 restitui
2069 1988 2366 2077 potuerit
2410 1999 2618 2077 atque
2667 2010 2807 2078 qua

454 2092 617 2162 iuris
644 2091 1051 2161 condicione
1080 2091 1123 2161 ii
1152 2091 1420 2177 fuerint,
1472 2091 1587 2182 qui
1619 2116 1707 2161 ex
1732 2094 2035 2163 hostium
2061 2095 2381 2164 manibus
2412 2094 2479 2163 in
2513 2094 2802 2185 patriam

453 2211 992 2269 reverterentur.

667 2305 984 2376 Libertas
1033 2305 1434 2391 restituitur,
1496 2307 1556 2375 si
1601 2308 1785 2377 bello
1834 2306 2010 2398 capti
2058 2320 2177 2377 aut
2220 2307 2807 2377 remittuntur

453 2426 572 2483 aut
617 2425 1228 2504 permutantur
1274 2426 1391 2483 aut
1437 2413 2018 2483 redimuntur.

664 2522 1029 2591 Romanos
1075 2520 1226 2590 sine
1275 2521 1499 2611 pretio
1548 2522 1904 2611 quondam
1952 2521 2304 2591 remisisse
2337 2522 2655 2613 captivos
2682 2522 2804 2591 La·

455 2628 636 2698 tinos
716 2626 955 2697 Livius
1029 2639 1265 2697 narrat
1289 2633 1353 2714 ¹).
1465 2627 1989 2719 Antiquissimis
2067 2641 2296 2699 tamen
2376 2630 2806 2721 temporibus

451 2760 577 2806 eos
624 2736 974 2806 remittere
1018 2737 1200 2806 bello
1251 2750 1491 2828 captos
1545 2760 1684 2806 non
1732 2760 2119 2807 consuesse
2166 2738 2323 2808 licet
2367 2737 2706 2829 suspicari
2724 2741 2798 2827 ²).

452 2846 690 2934 Atque
755 2867 917 2913 raro
966 2844 1033 2913 id
1082 2845 1335 2914 factum
1384 2867 1547 2914 esse
1593 2844 1871 2914 invenio
1892 2850 1962 2931 ⁸).
2057 2845 2434 2914 Plutarcho
2482 2845 2541 2914 si
2589 2845 2798 2914 fidem

453 2952 714 3021 habere
773 2951 946 3035 licet,
1017 2951 1149 3020 iam
1184 2952 1498 3020 Porsena
1546 2951 1799 3021 bellum
1849 2974 1934 3020 ea
1981 2951 2389 3021 condicione
2435 2951 2664 3035 solvit,
2728 2963 2803 3020 ut

451 3058 751 3128 Romani
798 3057 1114 3153 captivos
1161 3059 1622 3143 redderent⁴).

665 3164 938 3234 Primus
1013 3165 1293 3256 saepius
1359 3165 1673 3256 captivos
1748 3165 1899 3234 sine
1974 3164 2196 3255 pretio
2259 3163 2519 3234 remisit
2588 3164 2803 3253 Pyr·

455 3273 704 3356 rhuS,
769 3295 895 3341 rex
960 3272 1396 3362 Epirotarum
1421 3277 1491 3358 ⁶),
1559 3296 1647 3341 eo
1714 3272 1973 3341 scilicet
2036 3271 2289 3356 animo,
2356 3283 2432 3340 ut
2497 3271 2623 3341 sibi
2668 3271 2806 3340 Ro·

455 3402 820 3450 manorum
879 3380 1116 3449 socios
1180 3380 1574 3450 conciliaret
1633 3392 1844 3470 atque
1903 3381 1989 3449 ad
2067 3403 2234 3450 suas
2312 3392 2546 3470 partes
2611 3380 2808 3470 perli-

458 3499 663 3557 ceret.
743 3491 875 3554 Ad
900 3490 1080 3554 dolos
1107 3512 1180 3555 se
1212 3490 1496 3555 contulit
1509 3490 1580 3571 ⁶).
1676 3485 1898 3556 Cuius
1931 3489 2073 3554 doli
2107 3486 2552 3555 commodum
2602 3485 2804 3555 etiam

676 3647 695 3680 ¹
756 3665 808 3704 2.
846 3665 918 3703 22
1011 3690 1024 3703 .

673 3651 716 3808 ’ζ
757 3737 827 3793 cf.
866 3665 1037 3794 Βέοῗι.
1077 3737 1210 3793 Hal.
1249 3737 1301 3808 6,
1340 3756 1438 3808 213
1479 3737 1643 3793 CasS.
1683 3737 1814 3794 Dio.
1855 3737 1962 3810 frg.
1999 3739 2051 3807 8,
2089 3738 2178 3808 36,
2215 3739 2268 3793 8.

674 3825 715 3897 ⁸)
755 3826 925 3883 Dion·
946 3825 1271 3899 Ha1·2‚55;
1308 3844 1360 3898 3,
1379 3845 1476 3898 323
1512 3845 1564 3899 3,
1584 3843 1684 3899 543
1721 3844 1775 3898 3,
1793 3828 1894 3896 663
1933 3843 1985 3899 5,
2006 3844 2101 3900 773
2139 3827 2191 3898 6,
2221 3843 2321 3899 253
2362 3827 2527 3883 Cass·
2549 3825 2679 3882 Dio·
2702 3826 2811 3899 frg-

455 3918 509 3987 8,
546 3917 634 3988 36,
671 3919 733 3986 83
770 3916 915 3971 Zon.
954 3934 1006 3989 7,
1044 3917 1141 3986 263
1177 3918 1231 3986 8,
1269 3934 1321 3974 2.

674 4004 719 4075 ⁴)
758 4005 908 4061 Plut.
947 4005 1112 4061 Publ.
1157 4006 1240 4075 18,
1280 4023 1331 4060 2.

674 4093 716 4164 ⁸)
755 4093 884 4149 Liv.
905 4112 992 4165 22,
1030 4112 1118 4166 59,
1159 4096 1258 4164 183
1296 4094 1448 4149 Flor.
1472 4111 1520 4163 1,
1565 4095 1650 4164 18,
1692 4110 1791 4166 153
1829 4094 1875 4150 F
1880 4093 2091 4149 rontin.
2113 4101 2277 4149 strat.
2298 4111 2350 4164 4,
2392 4110 2439 4164 1,
2482 4094 2550 4149 18
2561 4110 2577 4162 ς
2615 4093 2814 4148 Valer.

459 4183 616 4239 Max.
645 4200 697 4253 2,
736 4201 787 4256 7,
828 4200 895 4256 15
909 4201 925 4253 ;
961 4182 1091 4240 Liv.
1118 4201 1242 4254 per.
1286 4201 1378 4255 133
1418 4183 1658 4255 Eutrop.
1698 4200 1750 4253 2,
1792 4201 1877 4253 12,
1914 4200 1976 4255 33
2015 4182 2159 4238 Zon.
2196 4183 2250 4252 8,
2287 4201 2323 4253 4
2336 4200 2352 4253 ;
2389 4199 2424 4255 5
2437 4200 2453 4252 ;
2492 4181 2610 4238 Cic.
2639 4182 2736 4239 off.
2766 4200 2814 4252 1,

459 4273 560 4345 38;
597 4271 755 4347 App.
783 4271 984 4329 Samn.
1026 4290 1111 4343 1o,
1149 4290 1215 4344 35
1254 4272 1450 4329 lustin.
1481 4272 1616 4348 epit.
1660 4275 1746 4342 18,
1787 4291 1835 4343 1,
1876 4290 1973 4342 113
2013 4271 2179 4329 Cass
2206 4271 2335 4328 Dio.
2375 4271 2483 4347 frg.
2521 4289 2572 4346 9,
2599 4288 2688 4344 40,
2716 4288 2813 4346 323

459 4379 511 4435 9,
549 4379 636 4433 40,
675 4379 777 4433 233
815 4361 967 4418 Plut.
1004 4362 1215 4435 Pyrrh.
1258 4362 1342 4431 18,
1380 4380 1444 4433 43
1483 4362 1712 4421 Iordan.
1753 4362 1926 4422 Rom.
1969 4378 2089 4439 157.

682 4450 724 4520 ⁶)
762 4451 918 4509 Flor.
960 4469 1008 4523 1,
1050 4453 1135 4524 18,
1176 4467 1261 4526 15.
