3467 5350
1674 521 2120 586 -40-

937 696 1124 784 Quid
1194 695 1563 785 sequitur?
1632 707 1705 764 ut
1775 694 2080 763 nonnulli
2149 693 2564 784 scriptoreS,
2640 693 2755 782 qui
2826 715 3090 762 omnes

720 828 786 895 Ρ.
839 803 1005 873 Chr.
1052 826 1116 872 n.
1165 815 1383 887 erant,
1433 802 1832 889 Quinctium
1877 801 2357 871 Cincinnatum
2408 801 2607 891 quasi
2653 801 2797 890 iugi
2842 801 3092 870 inven-

721 923 946 981 torem
1010 910 1378 992 celebrent,
1441 910 1558 999 qui
1617 910 1797 978 forte
1860 911 1948 978 ab
2010 920 2242 977 aratro
2308 909 2683 978 arcessitus
2752 909 3090 978 hostibus

722 1018 1013 1089 devictis
1059 1018 1297 1108 iugum
1347 1019 1560 1087 boum
1608 1017 2036 1108 imposuerit,
2100 1040 2187 1086 ne
2252 1017 2417 1106 quid
2467 1038 2507 1084 a
2554 1016 2791 1086 rustici
2838 1015 3089 1107 operis

719 1125 1096 1195 imitatione
1159 1136 1485 1195 cessaret.
1580 1124 1776 1194 Haec
1842 1124 2352 1193 narratiuncula
2418 1124 2505 1193 de
2573 1124 2909 1193 dictatore
2960 1123 3088 1192 illo

720 1234 982 1304 rustico
1031 1233 1195 1324 quin
1243 1232 1405 1301 ficta
1451 1233 1559 1318 sit,
1608 1232 1895 1301 dubium
1944 1256 2085 1301 non
2135 1243 2261 1301 est.

931 1340 1179 1430 Iugum
1232 1341 1620 1410 cervicibus
1669 1340 1990 1410 demissis
2038 1362 2384 1429 equorum
2431 1351 2499 1408 et
2546 1340 2759 1408 boum
2808 1339 3088 1430 imponi

719 1450 1010 1518 solebat.
1107 1447 1308 1534 Quae
1372 1447 1606 1538 imago
1671 1448 1782 1517 vel
1848 1447 2021 1516 tauri
2071 1447 2414 1516 cervicem
2460 1448 2593 1515 sub
2640 1446 2878 1535 iugum
2927 1447 3089 1516 mit-

719 1556 924 1626 tentis
972 1556 1264 1646 praebet
1310 1555 1613 1646 speciem
1659 1555 2033 1624 ferocitatis
2082 1555 2357 1637 fractae,
2423 1554 2606 1623 unde
2655 1555 2877 1622 verbo
2925 1552 3088 1643 iugi

717 1663 965 1733 iniecta
994 1673 1102 1733 est
1118 1662 1227 1731 vis
1259 1662 1729 1751 castigationis
1761 1674 1830 1730 et
1861 1661 2272 1731 humilitatis.
2309 1662 2409 1731 Ita
2440 1661 2694 1731 Graeci
2720 1702 2787 1712 —
2816 1662 3085 1751 quibus

717 1771 956 1860 iugum
1005 1769 1544 1859 ignominiosum
1595 1782 1745 1839 erat
1792 1769 2633 1859 ignotum—servitutem
2683 1770 3083 1860 appellant:

716 1882 946 1945 δούλιον
987 1885 1167 1965 ζυγόν
1188 1882 1257 1963 ¹),
1305 1876 1601 1945 Romani
1652 1880 1893 1964 iugum
1939 1880 2181 1944 servile
2198 1880 2267 1962 2).
2360 1875 2518 1945 Hoc
2568 1876 2779 1945 modo
2827 1876 3084 1966 iugum

719 1985 930 2054 fiebat
972 1985 1368 2074 symbolum
1419 1983 1812 2053 humilitatis
1860 1996 1930 2052 et
1975 1983 2347 2053 servitutiS.
2442 1984 2678 2074 Atque
2725 1995 2802 2052 ut
2845 1984 3083 2053 beluis

718 2092 1017 2176 domitiS,
1068 2092 1157 2160 ita
1196 2091 1377 2160 hosti
1413 2091 1688 2161 devicto
1723 2090 1963 2182 iugum
2012 2092 2530 2183 imponebatur:
2581 2113 2854 2160 summa
2900 2114 3084 2161 sane

716 2199 1114 2290 ignominia.
1211 2200 1424 2288 Quod
1474 2223 1630 2268 cum
1679 2199 1980 2269 sciamus
2027 2199 2267 2289 iugum
2317 2199 2798 2268 Romanorum
2857 2199 3085 2268 fuisse

718 2309 1116 2398 symbolum
1184 2307 1578 2376 humilitatis
1647 2319 2004 2397 receptum
2055 2331 2094 2376 a
2139 2306 2484 2376 cotidiano
2535 2329 2666 2374 usu
2717 2306 3080 2396 agricolae

716 2416 910 2485 facile
976 2415 1438 2504 intellegimus
1498 2415 1862 2483 Romanos
1927 2414 2095 2503 iugo
2163 2435 2322 2482 esse
2390 2434 2560 2481 usos
2628 2413 2830 2481 etiam
2896 2413 3086 2483 inter

716 2522 1146 2613 expiationes
1194 2535 1262 2590 et
1308 2521 1774 2590 lustrationes

928 2628 1175 2699 Hostis
1235 2629 1574 2712 devictus,
1644 2649 1800 2697 cum
1849 2628 1980 2696 sub
2028 2626 2268 2716 iugum
2318 2626 2722 2711 mitteretur,
2788 2651 2867 2698 se
2914 2630 3081 2699 sub-

715 2739 1029 2807 mittebat
1105 2738 1370 2821 victori,
1457 2748 1532 2805 ut
1616 2736 1829 2804 homo
1911 2736 2066 2803 deo.
2182 2733 2337 2803 Hos
2408 2737 2587 2804 duos
2670 2737 2812 2825 iugi
2899 2761 3079 2807 usus

715 2871 843 2938 per
909 2869 988 2914 se
1056 2845 1378 2913 diversos
1428 2853 1932 2912 commemorat
1978 2841 2362 2930 Dionysius
2407 2844 2587 2928 Hal.,
2658 2844 2775 2913 ubi
2842 2845 3079 2933 agitur

716 2955 803 3023 de
850 2952 1166 3034 HoratiO,
1233 2974 1374 3020 uno
1438 2976 1525 3020 ex
1573 2950 1978 3038 trigeminiS,
2047 2950 2415 3041 expiando.
2508 2951 2788 3021 Tullum
2838 2951 3070 3021 Hosti·

715 3062 878 3130 lium
941 3083 1182 3149 regem
1245 3070 1482 3127 narrat
1543 3058 1894 3128 accersitis
1953 3060 2395 3150 pontificibus
2443 3060 2726 3129 iussisse
2775 3060 2948 3128 deos
2996 3073 3071 3128 et

715 3169 962 3260 genios
1026 3166 1284 3259 placari
1350 3178 1418 3235 et
1472 3165 1752 3234 lustrari
1800 3166 2153 3237 hominum
2203 3167 2742 3251 lustrationibus,
2812 3166 3068 3256 quibus

715 3279 1023 3347 solerent
1083 3276 1336 3344 caedes
1397 3296 1534 3342 non
1585 3274 2014 3343 voluntariae
2078 3275 2360 3365 expiari.
2455 3276 2615 3345 Illos
2665 3298 2837 3344 vero
2887 3275 3065 3344 duas

716 3408 873 3454 aras
948 3383 1274 3466 erexisse,
1353 3382 1637 3452 alteram
1714 3382 1979 3466 Iunoni,
2053 3384 2161 3452 cui
2223 3405 2548 3452 sororum
2617 3406 2784 3451 cura
2856 3394 3063 3466 esset,

719 3492 1004 3560 alteram
1054 3490 1190 3559 deo
1241 3488 1513 3558 cuidam
1558 3487 1926 3577 indigenae
1974 3489 2123 3558 sive
2171 3490 2398 3579 genio,
2450 3490 2568 3580 qui
2615 3490 2820 3559 Ianus
2867 3512 3070 3558 voca-

716 3610 927 3683 retur,
1002 3598 1197 3666 cuius
1263 3619 1518 3665 nomen
1569 3595 1855 3665 Curiatii
1923 3597 2323 3665 consobrini
2388 3600 2476 3667 ab
2526 3597 2820 3666 Horatio
2868 3597 3066 3666 inter-

715 3706 871 3775 fecti
937 3707 1215 3788 ferrent,
1284 3714 1353 3772 et
1415 3726 1630 3794 supra
1692 3703 1842 3772 illas
1906 3703 2125 3773 sacris
2191 3704 2606 3794 quibusdam
2664 3706 2860 3774 factis
2910 3728 3066 3773 cum

717 3815 863 3885 aliis
912 3812 1419 3904 expiationibus
1468 3835 1594 3881 eos
1642 3835 1800 3881 esse
1847 3835 2038 3896 usos,
2102 3824 2246 3881 tum
2296 3836 2468 3881 vero
2517 3812 2881 3882 Horatium
2934 3814 3064 3882 sub

716 3923 959 4012 iugum
991 3920 1283 3993 misisse.
1377 3920 1710 3988 Romanis
1745 3932 1972 3988 autem
2006 3943 2272 3990 morem
2320 3920 2552 4005 fuisse,
2602 3932 2697 4003 ut,
2746 3921 3067 4010 quotiens

715 4033 957 4100 hostes
990 4029 1252 4098 traditis
1299 4028 1976 4102 armis,deditionem
2026 4028 2369 4115 fecissent,
2419 4029 2594 4097 duas
2641 4031 2879 4098 hastas
2927 4051 3065 4097 rec·

716 4151 822 4206 tas
900 4136 1090 4206 humi
1167 4136 1560 4225 defigerent
1627 4150 1694 4205 et
1761 4137 2029 4206 tertiam
2100 4160 2313 4227 supra
2381 4137 2530 4207 illas
2594 4149 3068 4207 transversam

937 4282 974 4351 ¹)
1015 4282 1239 4337 Herod.
1280 4300 1330 4353 7,
1367 4284 1420 4351 8,
1457 4299 1519 4352 3;
1558 4282 1774 4336 Aesch.
1813 4283 1978 4337 Pers.
2017 4300 2103 4354 50.

933 4371 974 4445 ²)
1013 4371 1151 4428 inde
1191 4371 1652 4430 Germanorum:
1691 4371 1857 4446 Joch,
1897 4371 2296 4447 unterjochen.
