3467 5350
682 779 1064 863 reverterit,
1115 792 1346 848 utrum
1389 778 1714 848 dimissus
1762 801 1849 847 an
1883 777 1953 847 vi
1983 780 2099 847 vel
2144 778 2406 847 fallacia
2453 790 2864 870 potestatem
2916 782 3029 850 ho-

681 888 884 955 stium
918 886 1217 956 evaserit
1241 891 1303 971 1).
1395 885 1541 956 Sed
1577 886 1864 954 multum
1913 884 2275 970 referebat,
2327 908 2468 975 quo
2513 899 2829 976 tempore
2878 910 3028 977 cap·

682 994 862 1063 tivus
928 997 1112 1061 intra
1160 996 1505 1081 praesidza
1569 1003 2062 1061 reverteretur.
2158 992 2435 1061 Nullum
2485 994 2610 1062 nisi
2660 1016 2837 1077 eum,
2912 994 3028 1083 qui

681 1102 927 1169 eodem
978 1099 1158 1169 bello
1207 1099 1502 1183 redierit,
1553 1099 2042 1191 postliminium
2090 1100 2350 1168 habere
2397 1112 2691 1169 testatur
2733 1101 3029 1192 Pompo-

679 1208 831 1275 nius
852 1209 922 1295 2).
1018 1206 1162 1276 Sed
1227 1207 1293 1274 in
1358 1207 1586 1276 animo
1644 1228 1801 1275 eum
1866 1206 2191 1276 habuisse
2248 1229 2540 1276 necesse
2588 1220 2755 1291 erat,
2806 1221 2879 1277 ut
2928 1232 3026 1276 re-

677 1326 1071 1383 verteretur
1099 1314 1165 1382 in
1191 1314 1544 1403 pristinam
1581 1314 1946 1382 civitatem.
2050 1317 2372 1402 Captz'vus
2400 1323 2647 1391 autem,
2695 1319 2818 1381 sia
2843 1318 3029 1383 nobis

675 1425 1136 1491 manumzssus
1170 1425 1404 1510 fuerit
1461 1429 1527 1488 et
1572 1423 1970 1508 pervenerit
2010 1423 2108 1486 ad
2142 1445 2316 1496 suos,
2382 1423 2476 1488 ita
2540 1425 2809 1490 demum
2845 1430 3026 1510 post-

676 1531 936 1597 liminio
961 1553 1268 1595 reversus
1300 1531 1737 1616 intellegitur,
1784 1531 1852 1593 si
1866 1529 2063 1595 malit
2090 1552 2195 1593 eos
2224 1531 2422 1615 sequi
2443 1552 2645 1617 quam
2678 1531 2750 1595 in
2799 1537 3027 1596 nostra

677 1638 937 1703 civitate
958 1659 1236 1703 manere
1261 1642 1329 1701 et
1349 1638 1493 1702 ideo
1521 1638 1593 1701 z'n
1616 1637 1837 1701 Atilio
1862 1638 2147 1721 Regulo,
2200 1660 2395 1722 quem
2429 1639 3025 1723 Carthaginienses

676 1748 963 1811 Romam
1028 1744 1379 1817 miserunt,
1440 1752 1834 1829 responsum
1897 1750 1998 1808 est
2051 1766 2186 1809 non
2236 1767 2374 1809 esse
2420 1767 2574 1811 eum
2611 1747 3024 1831 postliminio

675 1873 1037 1924 reversum,
1108 1851 1265 1937 quia
1324 1851 1673 1915 iuraverat
1723 1851 2206 1934 Carthaginem
2266 1873 2697 1917 reversurum
2764 1858 2833 1917 et
2882 1875 3021 1916 non

673 1958 1004 2022 habuerat
1070 1958 1377 2023 animum
1448 1961 1705 2023 Romae
1773 1958 2180 2023 remanendi
2240 1964 2308 2022 et
2372 1959 2518 2023 ideo
2586 1959 2659 2022 z'n
2734 1961 3020 2044 quodam

673 2065 1038 2150 interprete
1067 2066 1478 2138 Menandre,
1531 2065 1655 2150 qui
1679 2070 2120 2151 posteaquam
2166 2067 2358 2151 apud
2398 2079 2518 2129 n‘os
2562 2067 3022 2131 manumissus

673 2177 836 2244 erat,
901 2173 1147 2237 missus
1207 2178 1308 2236 est
1347 2173 1444 2235 ad
1476 2193 1650 2243 suos,
1714 2193 1852 2234 non
1901 2177 2002 2236 est
2042 2172 2186 2235 msa
2230 2173 2606 2238 necessaria
2653 2173 2784 2246 lex,
2849 2196 3020 2259 quae

671 2280 807 2343 lata
839 2284 941 2344 est
967 2280 1049 2343 de
1080 2280 1210 2352 illo,
1244 2285 1327 2342 ut
1357 2284 1666 2343 maneret
1704 2279 1865 2342 civis
1909 2281 2309 2343 Romanus:
2354 2301 2517 2345 nam
2560 2280 2701 2344 sive
2745 2281 3020 2346 animus

671 2387 739 2450 ei
750 2386 1015 2472 fuisset
1042 2387 1447 2452 remanendi
1469 2387 1663 2471 apud
1683 2409 1859 2458 suos,
1910 2387 2248 2452 desineret
2284 2409 2424 2451 esse
2461 2386 2638 2458 civis,
2685 2387 2827 2450 sive
2870 2388 3016 2451 ani-

667 2514 821 2558 mus
828 2493 1093 2578 fuisset
1120 2494 1519 2565 revertendi,
1567 2500 1878 2558 maneret
1902 2494 2080 2566 civis,
2131 2499 2198 2558 et
2241 2494 2385 2558 ideo
2417 2499 2588 2558 esset
2629 2494 2743 2557 lex
2786 2501 3017 2578 super-

670 2621 883 2663 vacua
901 2600 973 2682 ⁸).

882 2704 1028 2774 Sed
1090 2705 1259 2772 haec
1319 2705 1597 2792 quidem
1646 2705 2000 2774 hactenus.
2096 2706 2419 2794 Longum
2468 2718 2573 2773 est
2621 2707 3014 2794 explanare,

670 2833 1013 2899 quaenam
1061 2811 1207 2880 iura
1253 2811 1526 2899 singula
1572 2812 1885 2882 restituta
1931 2813 2065 2881 sint
2110 2812 2550 2903 postliminiO,
2606 2812 3012 2903 praesertim

669 2942 822 2986 cum
874 2919 962 2986 de
1010 2918 1115 2986 his
1163 2918 1314 2986 libri
1362 2929 1637 2987 exstent
1682 2919 1848 2987 iuris
1895 2920 2367 2988 consultorum
2390 2922 2459 3004 4).

883 3097 924 3168 ¹)
963 3099 1095 3170 Dig.
1124 3116 1213 3168 49,
1245 3116 1327 3170 15,
1365 3102 1452 3155 26.
1498 3131 1553 3138 --
1600 3098 1643 3167 ²)
1682 3098 1814 3169 Dig.
1852 3117 1939 3170 49,
1982 3115 2063 3170 15,
2102 3115 2155 3170 5,
2197 3117 2245 3154 1.

882 3187 924 3258 ³)
963 3188 1094 3259 Dig.
1116 3206 1202 3259 49,
1244 3205 1327 3258 15,
1364 3205 1416 3258 5,
1453 3205 1514 3258 35
1558 3205 1640 3257 12,
1678 3205 1743 3257 9:
1782 3187 1894 3243 nisi
1932 3188 2031 3259 qui
2069 3188 2179 3244 hoc
2208 3188 2404 3243 animo
2444 3190 2519 3244 ad
2557 3205 2697 3244 suos
2729 3187 3009 3256 venisset,

664 3287 726 3332 ut
765 3296 965 3333 eorum
1003 3295 1102 3333 res
1152 3285 1571 3348 sequeretur..
1595 3294 1634 3345 .;
1691 3278 1796 3331 26.
1820 3318 1867 3332 ..
1900 3277 1949 3332 si
1988 3295 2059 3332 ea
2097 3287 2295 3334 mente
2335 3276 2580 3347 venerit,
2634 3285 2695 3331 ut
2743 3294 2861 3332 non
2911 3276 3010 3331 illo

663 3375 1078 3423 reverteretur.

876 3454 922 3526 ⁴)
962 3455 1033 3511 cf.
1071 3455 1267 3524 Hase;
1307 3455 1661 3511 Bechmann.
