3467 5350
1304 568 1387 574 --
1478 549 1742 614 57..

349 721 830 790 Romanorum
878 720 1148 810 redigit,
1212 720 1468 790 violato
1531 723 1899 811 legationis
1946 723 2095 792 iure
2142 723 2212 793 in
2260 723 2585 814 Usipetes
2634 739 2702 795 et

348 829 739 898 Tencteros
755 834 803 914 1)
823 829 985 917 quin
1016 829 1330 897 barbaris
1353 831 1761 914 traderetur,
1787 831 1970 899 haud
1994 831 2285 900 multum
2306 832 2491 907 afuit.
2520 832 2698 901 Nam

349 936 681 1025 scriptum
716 935 1036 1005 videmus
1071 936 1410 1006 Catonem
1445 938 1858 1013 sententiam
1900 939 2157 1022 tulisse,
2209 962 2366 1008 cum
2416 954 2700 1010 senatus

353 1043 675 1111 Caesaris
710 1042 1041 1112 victoriae
1089 1066 1300 1112 causa
1347 1045 1918 1135 supplicationem
1970 1048 2397 1130 decerneret,
2450 1048 2700 1116 deden-

350 1152 513 1218 dum
549 1174 707 1230 eum
741 1174 900 1220 esse
931 1150 1033 1233 iis,
1086 1150 1338 1240 quibus
1372 1150 1614 1221 iniuria
1645 1164 1926 1242 praeter
1970 1153 2219 1222 foedus
2267 1154 2446 1223 facta
2492 1167 2698 1239 esset,

351 1279 579 1345 neque
627 1259 760 1326 hoc
808 1257 1080 1347 piaculo
1130 1258 1374 1326 urbem
1425 1259 2000 1348 obstringendam
2020 1265 2089 1345 2).

561 1382 705 1453 Sed
757 1382 959 1451 etiam
1009 1394 1291 1451 exterae
1340 1383 1655 1452 nationes
1697 1407 1739 1452 a
1771 1385 2104 1454 Romanis
2139 1386 2322 1454 haud
2374 1408 2533 1454 raro
2582 1410 2697 1476 po-

350 1482 703 1558 stulabant
726 1490 1090 1558 noxiorum
1121 1481 1562 1559 deditionem.
1657 1490 2106 1576 Brennus,
2155 1505 2231 1561 ut
2255 1494 2699 1578 dederentur,

351 1597 686 1687 poposcit,
725 1597 841 1686 qui
874 1611 1114 1666 contra
1146 1598 1514 1686 legationis
1548 1599 1654 1668 ius
1687 1622 1969 1690 pugnae
2003 1613 2200 1670 erant
2232 1600 2605 1670 intermixti
2626 1606 2697 1687 3).

352 1705 561 1791 Quod
611 1719 940 1795 negatum
989 1717 1098 1774 est
1144 1730 1184 1773 a
1231 1706 1588 1788 Romanis,
1652 1729 2077 1796 quamquam
2126 1708 2388 1777 fetiales
2433 1708 2564 1798 ipsi
2612 1709 2699 1776 fa·

350 1812 542 1882 cinus
591 1836 748 1908 esse
799 1813 1243 1882 commissum
1294 1828 1815 1884 concesserunt.
1909 1815 2208 1885 Parthi
2245 1815 2580 1885 Crassum
2630 1828 2698 1885 et

349 1919 671 1989 Cassium
744 1920 1016 1990 vinctos
1079 1922 1451 1991 voluerunt
1511 1923 1785 1993 deditos
1807 1927 1872 2008 ⁴).
1970 1923 2497 1993 Phrahates
2561 1950 2697 1992 ser-

348 2053 506 2094 vum
553 2054 755 2095 suu-m
780 2029 1158 2098 Tiridatem
1210 2043 1278 2098 et
1325 2030 1557 2098 filium·
1587 2030 1835 2100 remitti
1882 2031 2011 2100 sibi
2060 2032 2274 2100 voluit
2294 2034 2366 2120 ⁵).
2462 2034 2699 2121 Atque

347 2133 542 2204 simili
591 2137 855 2206 ratione
904 2137 1171 2206 Poeni
1219 2139 1400 2207 bello
1451 2139 1768 2207 confecto
1819 2139 2120 2208 hostium
2166 2141 2403 2223 duceS,
2469 2151 2542 2208 ut
2587 2139 2697 2208 de-

346 2243 696 2327 derentur,
746 2245 1276 2335 postulaverunt
1294 2250 1370 2332 ⁶).

561 2371 617 2439 F
634 2371 851 2439 emin
873 2394 964 2439 as
1000 2371 1322 2440 occidere
1354 2372 1504 2441 iure
1534 2370 1694 2440 belli
1729 2395 1870 2440 non
1908 2371 2163 2441 licitum
2189 2371 2422 2454 fuisse,
2471 2373 2596 2441 sed
2628 2372 2694 2440 in

346 2476 749 2546 servitutem
783 2502 943 2547 esse
968 2481 1376 2567 abstractas,
1413 2503 1591 2569 quae
1618 2479 1891 2570 publice
1918 2480 2529 2561 venumdarentur,
2561 2479 2693 2547 iam
2773 2501 2778 2505 *

346 2605 560 2674 supra
588 2585 1224 2656 demonstravimus
1251 2590 1325 2672 ⁷).
1386 2588 1752 2672 Quaenam
1787 2586 1995 2656 fuerit
2020 2609 2255 2655 earum
2290 2585 2605 2654 condicio
2631 2587 2695 2654 in

347 2693 761 2783 captivitate,
799 2697 979 2763 nunc
1006 2718 1447 2786 quaeramus.
1542 2694 2125 2765 Pervolventibus
2154 2695 2354 2764 nobis
2383 2707 2696 2763 veterum

346 2813 707 2868 auctorum
757 2800 971 2870 libros
1019 2803 1155 2870 hoc
1206 2825 1416 2871 unum
1466 2802 1876 2892 saepissime
1923 2802 2244 2889 occurrit,
2308 2803 2496 2890 quod
2556 2825 2697 2869 mu-

343 2907 625 2977 lieribus
674 2909 890 2998 captis
939 2933 979 2978 a
1027 2910 1349 2979 militibus
1384 2910 1720 2979 Romanis
1755 2910 1919 2978 vitia
1967 2910 2460 2979 offerebantur.
2548 2909 2693 2979 Sed

343 3028 607 3083 tantum
674 3018 889 3101 abest,
957 3030 1027 3085 ut
1087 3017 1333 3086 milites
1390 3017 1697 3107 gregarii
1758 3021 1938 3088 adeo
1986 3018 2243 3088 libidini
2290 3017 2699 3087 indulserint

342 3121 410 3190 in
446 3136 705 3211 captas,
756 3137 829 3194 ut
862 3126 1080 3194 duces
1112 3147 1388 3193 summo
1421 3126 1578 3194 loco
1628 3126 1767 3194 nati
1800 3125 2260 3214 virginitatem
2312 3125 2698 3224 puellarum·

344 3228 772 3300 violaverint.
869 3232 1099 3318 Quam
1153 3234 1402 3301 crebro
1452 3234 1624 3302 haec
1689 3234 1869 3303 facta
1934 3234 2089 3315 sint,
2157 3257 2243 3302 ex
2304 3256 2390 3302 eo
2439 3231 2697 3322 optime

345 3337 577 3427 colligi
609 3351 859 3429 potest,
912 3342 1100 3429 quod
1152 3353 1429 3409 veteres
1477 3341 1859 3431 scriptores
1908 3342 2264 3431 expressis
2296 3340 2534 3409 verbis
2583 3341 2695 3408 ad-

345 3456 781 3528 notaverunt,
844 3446 902 3515 si
961 3446 1117 3536 quis
1166 3448 1422 3515 ducum
1471 3471 1717 3517 manus
1767 3450 1878 3517 vel
1942 3449 2183 3517 oculos
2242 3446 2594 3538 prohibuit
2656 3470 2697 3515 a

349 3552 570 3643 captis
604 3552 1011 3642 virginibus.
1109 3553 1462 3623 Cremona
1509 3556 1683 3623 urbe
1717 3567 1917 3644 capta
1953 3560 2040 3642 (a.
2060 3578 2144 3644 70
2163 3554 2410 3645 p.Chr.
2434 3559 2527 3641 n.)
2560 3579 2698 3622 non

344 3662 661 3748 dzgm‘tas,
733 3686 870 3728 non
932 3669 1118 3728 aetas
1171 3666 1580 3750 protegebat,
1657 3665 2016 3750 quominus
2068 3671 2308 3751 stupra
2367 3666 2695 3742 caedibus,

563 3896 603 3965 ¹)
643 3893 716 3956 ὡς
743 3892 916 3967 ἐναγὲς
943 3893 1088 3968 ἔργον
1131 3895 1184 3957 ἐς
1226 3894 1770 3969 ὃιαπρεσβευσαμένους
1808 3894 2145 3969 ἐργασάμενον
2164 3896 2419 3969 Appian.
2440 3895 2588 3952 Gall.
2613 3899 2696 3952 18.

559 4003 601 4073 ²)
642 4003 788 4060 Plut.
817 4002 944 4060 Cat.
973 4004 1114 4060 min.
1152 4022 1240 4076 51,
1283 4022 1339 4074 13
1398 4005 1568 4061 Caes.
1607 4023 1693 4074 22,
1732 4022 1769 4074 3
1781 4022 1797 4073 ;
1850 4005 2105 4077 Appian.
2136 4005 2282 4062 Gall.
2325 4008 2419 4075 18,
2452 4004 2696 4059 'Sueton.

341 4091 442 4146 Iul.
465 4091 634 4147 CaeS.
675 4111 775 4164 24:
815 4093 914 4164 qui
971 4111 1089 4148 non
1134 4093 1439 4165 Catonem,
1479 4094 1586 4149 sed
1624 4093 1972 4164 ‚nonnullos’
2009 4093 2147 4150 dicit
2184 4094 2522 4150 dedendum
2561 4111 2695 4149 eum

342 4181 610 4238 hostibus
650 4182 968 4237 censuisse.

560 4289 602 4360 8)
643 4289 901 4363 Appian.
943 4290 1090 4347 Gall.
1130 4308 1165 4362 3
1177 4308 1192 4360 3
1250 4290 1396 4346 Plut.
1437 4291 1600 4347 Cam.
1644 4307 1725 4363 17,
1777 4292 1828 4346 6.
1894 4325 1949 4332 -
2011 4290 2057 4362 ⁴)
2096 4292 2246 4347 Plut.
2283 4291 2481 4348 Crass.
2520 4310 2606 4363 29,
2648 4310 2695 4346 1.

557 4397 600 4468 ⁶)
641 4397 839 4456 lustin.
882 4396 1019 4472 epit.
1059 4416 1147 4470 42,
1185 4415 1236 4470 5,
1263 4416 1326 4472 ⁴7.
1373 4432 1429 4441 —-
1475 4399 1518 4470 ⁸)
1557 4400 1765 4472 Polyb.
1808 4417 1854 4472 1,
1891 4401 1980 4472 85,
2018 4417 2069 4469 4.
2115 4431 2171 4440 ·—
2220 4399 2260 4470 ⁷)
2299 4417 2355 4472 p.
2392 4417 2480 4454 20.
