3467 5350
1640 578 2079 646 -44—

687 751 935 821 mentis
959 756 1005 837 1)
1033 751 1357 839 liceret2).
1432 754 1622 819 Τοῦτο
1649 757 1758 844 γὰρ
1783 756 1879 819 καὶ
1904 765 2038 830 τοῖς
2062 757 2371 842 πολεμίοις
2397 759 2545 833 ἔθος
2570 758 2694 823 ἐστὶ
2718 767 3037 848 συγχωρεῖ-

688 863 824 927 σθαι
870 864 1024 926 κατὰ
1052 861 1199 937 τοὺς
1231 861 1463 938 κοινοὺς
1496 870 1618 927 τῶν
1651 865 1981 951 ἀνθρώπων
2012 869 2234 949 νόμους
2253 865 2325 948 ²³).
2420 862 2854 954 Cuicumque
2894 863 3042 933 sine

689 968 932 1037 fraude
965 968 1158 1037 abire
1191 990 1601 1038 concessum
1648 981 1775 1053 est,
1827 993 1982 1038 eum
2021 968 2283 1039 violare
2317 982 2526 1061 atque
2559 969 2817 1040 adoriri
2850 971 3044 1039 nefas

690 1088 857 1145 erat.
875 1076 1225 1145 Hannibal
1240 1077 1634 1167 postulavit,
1668 1100 1824 1146 cum
1844 1090 2005 1167 post
2021 1100 2329 1168 pugnam
2354 1078 2796 1148 Cannensem
2817 1089 3045 1147 castra

691 1184 958 1253 minora
1005 1184 1487 1254 Romanorum
1552 1198 2016 1275 oppugnaret,
2081 1197 2158 1254 ut
2218 1198 2409 1255 certa
2459 1185 2797 1277 pecuniae
2845 1186 3046 1277 copia

690 1292 757 1360 in
822 1304 1028 1383 caput
1088 1291 1632 1382 uniuscuiusque
1694 1294 2219 1384 persolveretur
2237 1297 2306 1380 ⁴).
2429 1292 2649 1362 Etiam
2728 1294 2871 1362 dux
2934 1295 3045 1363 vel

692 1401 909 1470 duces
971 1422 1099 1490 per
1157 1400 1548 1490 pactionem
1613 1401 2270 1491 deposcebantur⁶).
2352 1400 2535 1488 Quin
2596 1401 2822 1484 etiam,
2889 1424 3044 1471 cum

692 1508 1087 1598 Saguntum
1151 1507 1525 1591 obsideret,
1575 1508 1923 1578 Hannibal
1985 1531 2229 1577 aurum
2294 1520 2363 1577 et
2424 1520 2792 1598 argentum
2841 1532 3047 1578 omne

692 1614 1039 1707 publicum
1074 1618 1562 1705 privatumque
1595 1615 1682 1683 ad
1716 1638 1796 1684 se
1829 1615 2081 1685 deferri
2114 1615 2312 1685 iussit
2359 1629 2589 1706 atque,
2639 1629 2712 1685 ut
2744 1616 2835 1686 ibi
2865 1617 3048 1687 habi-

694 1736 938 1802 tarent,
1001 1723 1342 1814 poposcit,
1409 1722 1527 1793 ubi
1589 1723 1739 1813 ipse
1788 1722 1996 1792 vellet
2014 1724 2086 1813 ⁶).
2179 1723 2533 1792 Interdum
2602 1724 2875 1794 obsessi
2935 1747 3046 1814 pe·

693 1832 1017 1913 tiverunt,
1077 1843 1153 1899 ut
1214 1830 1511 1921 spatium
1561 1831 1649 1899 ad
1699 1831 2224 1901 deliberandum
2274 1833 2578 1917 daretur,
2641 1833 3046 1923 priusquam

695 1940 1084 2031 pactionem
1144 1939 1482 2025 inirent⁷).
1574 1938 1795 2009 Etiam
1864 1952 2051 2009 certa
2097 1941 2431 2032 pecuniae
2476 1963 2749 2010 summa
2796 1941 3049 2009 multae

693 2048 852 2116 loco
899 2047 1079 2138 pacti
1122 2047 1449 2138 oppidani
1484 2048 1744 2116 dedere
1791 2070 1950 2117 sese
1997 2059 2321 2139 poterant
2338 2052 2407 2134 ⁸).
2505 2048 3046 2138 Nonnumquam

694 2155 924 2247 pactio
950 2156 1128 2225 inter
1152 2156 1489 2226 victorem
1516 2180 1598 2227 ac
1624 2156 1883 2226 victum
1911 2180 2051 2226 non
2080 2157 2540 2227 conveniebat
2562 2159 2630 2244 ⁰).
2704 2155 3051 2246 Perfugae

696 2277 762 2334 et
787 2263 1054 2354 fugitivi
1089 2287 1225 2333 non
1260 2265 1667 2334 fruebantur
1695 2264 2033 2355 pactionis
2067 2265 2438 2334 securitate
2457 2270 2555 2350 ¹⁰).
2651 2264 2797 2335 Sed
2833 2264 3050 2332 duces

696 2395 833 2440 non
905 2372 1132 2441 solum
1198 2383 1593 2440 exterarum
1668 2372 2048 2455 nationum,
2111 2372 2239 2441 sed
2302 2373 2505 2441 etiam
2566 2371 3049 2440 Romanorum

696 2480 1053 2571 pactiones
1112 2479 1403 2570 turpiter
1464 2480 1927 2568 neglexerunt
1989 2491 2199 2569 atque
2246 2480 2575 2569 impetum
2625 2477 2940 2547 fecerunt
2984 2478 3050 2547 in

696 2588 1116 2672 inermesss).
1211 2585 1369 2655 Huc
1402 2586 1700 2678 pertinet
1747 2585 2212 2655 testimonium
2261 2586 2423 2655 illud
2455 2585 2794 2677 Appiani:
2844 2590 2896 2653 οἱ
2942 2587 3047 2673 μὲν

698 2700 872 2763 ἄλλοι
919 2700 1211 2786 χιλίαρχοι
1272 2698 1644 2781 σπενδόμενοι
1689 2698 1785 2760 καὶ
1832 2699 2141 2780 μεθιέντες
2188 2697 2522 2761 ἐπετίθεντο
2550 2699 2844 2776 ἀπιοῦσιν,
2909 2699 2939 2761 ὁ
2984 2695 3047 2760 δὲ

697 2806 951 2870 Σκιπίων
1016 2807 1087 2880 ἐς
1141 2806 1217 2869 τὰ
1278 2806 1417 2868 οἴκοι
1476 2807 1815 2892 παρέπεμπε
1861 2805 1957 2868 καὶ
2002 2806 2115 2869 ἀπὸ
2161 2805 2330 2869 τοῦδε
2377 2804 2443 2867 οὐ
2490 2804 2619 2893 πρὶν
2664 2805 2704 2889 ἢ
2752 2802 3049 2867 Σκιπίωνα

700 2916 1006 3003 ἀφικέσθαι
1055 2914 1390 2978 συνετίθετο
1439 2913 1769 2995 οὐδείςῑῗ).
1862 2910 2008 2980 Sed
2071 2922 2298 2978 tamen
2349 2908 2660 3000 Scipioni
2706 2909 2835 2999 ipsi
2883 2908 3051 2977 acci-

918 3111 958 3180 ¹)
996 3110 1126 3167 Liv-
1165 3128 1252 3180 21,
1293 3128 1377 3180 12,
1414 3127 1478 3181 5;
1515 3127 1604 3180 22,
1641 3111 1693 3181 6,
1736 3127 1832 3179 11;
1870 3127 1957 3179 22,
1995 3126 2082 3181 52,
2120 3126 2184 3180 3,
2223 3127 2310 3180 23,
2352 3125 2436 3180 15,
2473 3125 2539 3180 33
2577 3125 2666 3179 31,
2704 3124 2792 3179 45,
2829 3108 2883 3162 6-

914 3199 958 3270 ²)
999 3200 1068 3257 cf.
1107 3200 1365 3274 Appian.
1402 3200 1529 3256 Lib.
1568 3218 1664 3272 73:
1703 3196 1791 3252 σὺν
1827 3197 2101 3271 χιτωνίσκῳ
2142 3198 2311 3271 μόνῳ;
2350 3198 2514 3254 Cass.
2537 3197 2668 3254 Dio.
2691 3197 2799 3269 frg.
2842 3213 2926 3268 15,
2964 3213 3052 3268 57,

698 3309 799 3363 30:
838 3288 956 3363 μεθ’
997 3287 1108 3351 ἑνὸς
1127 3286 1332 3362 ἱματίου,
1374 3289 1522 3346 Plut.
1546 3289 1708 3345 Cam.
1729 3305 1819 3361 35,
1858 3306 1920 3346 2:
1962 3287 2012 3342 ἐν
2033 3284 2240 3361 ἱματίοις
2276 3287 2424 3360 μόνον
2462 3285 2730 3360 ἀφείμενοι,
2773 3286 2979 3359 Polyb.
3004 3304 3053 3356 1,

698 3383 788 3453 85,
825 3399 888 3451 4:
929 3376 1054 3453 μετὰ
1089 3384 1315 3451 χιτῶνος.

918 3469 959 3541 ⁸)
999 3470 1206 3542 Polyb.
1246 3487 1297 3539 2,
1335 3470 1423 3541 58,
1460 3469 1512 3523 6.

915 3559 961 3631 ⁴)
999 3560 1129 3616 Liv.
1168 3558 1256 3629 22,
1294 3576 1382 3631 52,
1418 3577 1471 3630 3.

917 3649 960 3721 ⁸)
1000 3648 1257 3722 Appian.
1296 3649 1377 3704 Ib.
1414 3665 1515 3720 313
1556 3646 1624 3702 cf.
1663 3648 1870 3720 Polyb.
1914 3665 1960 3717 1,
1997 3650 2086 3719 85,
2124 3665 2176 3717 4.

919 3738 963 3810 ο)
1004 3738 1073 3795 cf.
1113 3737 1242 3795 Liv.
1282 3755 1369 3808 21,
1410 3754 1494 3808 12,
1533 3754 1595 3809 5;
1633 3754 1720 3807 21,
1763 3755 1847 3808 13,
1885 3738 1938 3794 6.

921 3829 962 3900 ⁷)
1003 3829 1072 3885 cf.
1111 3828 1240 3884 Liv.
1278 3846 1367 3900 37,
1405 3845 1494 3899 32,
1535 3846 1620 3883 10.

921 3918 964 3991 ⁸)
1004 3917 1132 3975 Liv.
1171 3936 1259 3988 21,
1296 3919 1386 3989 61,
1422 3919 1488 3987 63
1525 3916 1654 3973 Liv.
1694 3934 1781 3988 21,
1818 3916 1908 3988 61,
1950 3934 2032 3972 11.

921 4010 964 4078 ⁹)
1003 4009 1133 4065 LiV·
1170 4026 1259 4080 31»
1300 4026 1384 4080 17,
1422 4025 1486 4079 33
1523 4025 1612 4080 37)
1653 4024 1740 4078 12,
1777 4024 1828 4062 2·

901 4102 968 4169 ¹⁰)
1005 4098 1264 4171 Appian.
1302 4098 1430 4154 Lib.
1472 4115 1592 4170 130.

900 4189 970 4260 ¹¹)
1009 4187 1267 4260 Appian.
1288 4186 1483 4244 Hann.
1508 4204 1600 4244 10:
1639 4184 2001 4242 Maharbalis
2029 4183 2271 4256 sponsio
2311 4183 2388 4238 ab
2414 4181 2750 4238 Hannibale
2788 4198 2905 4236 non
2936 4197 3066 4252 pro·

706 4281 875 4349 bata;
913 4278 1171 4351 Appian.
1191 4277 1318 4334 Lib.
1357 4278 1428 4348 63
1441 4296 1457 4348 ;
1496 4276 1661 4333 Cass.
1702 4274 1833 4331 Dio.
1873 4273 1979 4346 frg.
2023 4290 2107 4344 15,
2144 4290 2233 4346 57,
2270 4290 2344 4344 30
2357 4290 2373 4343 5
2411 4272 2558 4327 Zon.
2595 4289 2648 4342 9,
2687 4288 2738 4341 2,
2779 4288 2872 4326 11:
2909 4268 3067 4325 Han·

706 4370 865 4425 nibal
904 4368 963 4423 in
1000 4367 1355 4438 Nucerinos;
1394 4366 1567 4422 Diod.
1593 4365 1702 4437 frg.
1723 4383 1812 4436 30,
1850 4383 1914 4435 4:
1954 4364 2212 4419 Perseus
2250 4363 2309 4418 in
2335 4362 2708 4417 Chalestrum
2749 4358 3065 4431 oppidum3

705 4459 1002 4532 Ioseph.b.
1024 4458 1064 4514 I.
1086 4476 1138 4530 3,
1178 4476 1261 4529 10,
1301 4475 1393 4514 10:
1433 4455 1842 4529 Vespasianus
1878 4453 1937 4510 in
1970 4452 2295 4509 Taricheas
2326 4452 2551 4507 urbem.
2599 4483 2654 4490 —
2705 4449 2771 4522 η)
2796 4447 2923 4504 Lib.
2948 4465 3065 4505 101.

3439 4959 3462 5176 ιλιι-ιὰ,
3459 4861 3462 4918 „
