3467 5350
1704 594 2144 663 -.-42—

755 767 1202 859 deditumque
1272 791 1431 837 esse
1501 769 1992 859 imperatorem
2015 773 2085 853 ¹).
2204 768 2478 858 Captivi
2570 766 2861 858 singulis
2947 791 3102 838 cum

754 876 1180 945 vestimentis
1235 877 1367 945 sub
1433 878 1676 964 iugum
1747 875 2348 960 dimittebantur2).
2442 876 2681 964 Atque
2738 876 2925 945 haud
2972 900 3104 946 ma-

754 1006 962 1072 gnam
1011 983 1220 1052 fidem
1267 985 1494 1052 audeo
1543 984 1807 1052 habere
1855 982 2249 1053 testimonio
2311 982 2400 1052 illi
2450 982 2802 1053 Orosiano
2821 985 2932 1073 3),-·
2964 1007 3103 1074 quo

753 1092 1072 1182 proditur
1119 1105 1360 1160 contra
1408 1091 1679 1160 Livium
1728 1102 1977 1160 testem
2026 1090 2388 1160 Romanos
2437 1092 2522 1159 ad
2574 1090 2930 1161 Caudinas
2975 1091 3106 1160 fur·

755 1199 944 1268 culas
1009 1222 1167 1268 esse
1230 1199 1530 1268 nudatos
1593 1197 2025 1267 vestimentis
2097 1205 2366 1265 tantum
2425 1201 2719 1287 singulis
2765 1200 3109 1266 vilioribus

753 1309 1182 1394 operimentis
1214 1308 1289 1373 ob
1321 1309 1704 1374 verecunda
1748 1315 2097 1393 corporum
2131 1309 2418 1393 tegenda
2459 1308 2799 1382 concessis,
2873 1328 3106 1397 quam-

756 1435 962 1503 quam
1025 1413 1227 1482 etiam
1277 1413 1627 1482 Valerium
1677 1412 2055 1481 Maximum
2075 1415 2127 1498 4)
2190 1414 2376 1482 haud
2438 1413 2689 1502 ignoro
2737 1413 3103 1502 scripsisse

754 1520 1132 1589 exercitum
1164 1519 1557 1589 Romanum
1591 1542 1733 1588 non
1767 1520 2100 1589 inermem
2127 1532 2413 1605 tantum,
2447 1520 2572 1589 sed
2603 1520 2804 1589 etiam
2840 1521 3103 1589 nudum

754 1626 1271 1718 Campanorum
1304 1630 1546 1697 urbem
1578 1628 1895 1697 intrasse.
1989 1628 2323 1699 Sarcinae
2362 1640 2430 1696 et
2476 1627 2778 1697 iumenta
2825 1641 2893 1696 et
2940 1628 3102 1697 mul·

753 1734 971 1803 titudo
1008 1734 1233 1803 omnis
1265 1735 1553 1804 imbellis
1587 1736 2153 1825 relinquebantur
2175 1741 2246 1820 ὃ).
2279 1735 2486 1804 Velut
2511 1736 2882 1824 imaginem
2915 1736 3103 1825 igno·

753 1842 1000 1910 miniae
1060 1841 1255 1925 illius,
1329 1863 1535 1929 quam
1599 1844 1984 1934 praebebat
2030 1843 2288 1932 iugum,
2354 1842 2574 1934 pinxit
2620 1842 2881 1926 Livius,
2947 1866 3103 1912 cum

754 1950 1183 2019 describeret
1229 1948 1467 2037 iugum
1502 1947 1916 2035 Caudinum,
1964 1952 2097 2020 sub
2148 1951 2337 2042 quod
2385 1950 2682 2020 Romani
2716 1974 2757 2019 a
2789 1949 3102 2022 Samniti-

751 2058 885 2125 bus
919 2056 1364 2125 mittebantur
1383 2058 1450 2145 ⁰).
1545 2060 1674 2124 alii
1718 2061 1886 2125 alios
1915 2061 2190 2135 intueri,
2242 2061 2686 2147 contemplari
2707 2083 2902 2126 arma
2947 2082 3105 2125 mox

753 2167 1087 2232 tradenda
1158 2172 1226 2231 et
1289 2167 1580 2232 inermes
1622 2168 1921 2255 futuras
1991 2170 2269 2233 dextras
2338 2168 2757 2254 obnoxiaque
2830 2175 3104 2253 corpora

753 2275 941 2339 hosti.
1031 2276 1418 2361 proponere
1475 2275 1742 2340 sibimet
1802 2276 1939 2362 ipsi
1990 2281 2151 2341 ante
2206 2276 2426 2339 oculos
2472 2276 2712 2361 iugum
2758 2275 2995 2338 hostile
3040 2279 3109 2338 et

753 2382 1047 2447 ludibria
1092 2383 1358 2447 victoris
1407 2388 1475 2447 et
1516 2384 1749 2447 vultus
1776 2383 2094 2469 superbos
2126 2388 2194 2448 et
2224 2390 2357 2468 per
2398 2387 2693 2448 armatos
2739 2382 3103 2447 inermium

751 2489 898 2563 iter,
949 2490 1108 2554 inde
1129 2491 1339 2575 foede
1382 2490 1676 2575 agminis
1723 2490 2165 2555 miserabilem
2213 2490 2390 2553 viam
2441 2497 2575 2575 per
2613 2489 2942 2554 sociorum
2988 2510 3102 2553 ur-

754 2595 878 2669 bm,
928 2596 1221 2660 reditum
1256 2596 1330 2660 in
1351 2597 1653 2683 patriam
1693 2597 1792 2661 ad
1804 2602 2148 2683 parentes,
2200 2619 2328 2683 quo
2372 2604 2570 2683 saepe
2617 2597 2755 2683 ipsi
2793 2596 3102 2662 maiores-

754 2726 882 2789 que
930 2726 1157 2768 eorum
1205 2705 1705 2790 triumphantes
1752 2705 2107 2769 venissent.
2200 2706 2297 2768 Se
2360 2706 2531 2769 solos
2588 2705 2740 2769 sine
2799 2705 3099 2777 vulnere,

747 2811 899 2876 sine
904 2813 1127 2897 ferro,
1159 2812 1308 2876 sine
1339 2812 1482 2877 acie
1512 2812 1716 2876 victos
1732 2836 1761 2884 ,·
1809 2812 1942 2876 sibi
1962 2834 2099 2875 non
2130 2811 2467 2898 stringere
2513 2811 2779 2876 licuisse
2816 2812 3099 2897 <gladios,

752 2941 890 2982 non
959 2941 1237 2983 manum
1304 2942 1455 2984 cum
1520 2920 1706 2985 hoste
1773 2921 2074 3005 conferre
2087 2943 2118 2991 ,⁰
2182 2919 2316 2983 sibi
2372 2920 2781 3006 nequiquam
2843 2919 3104 2984 animos

754 3028 956 3091 datos.
1048 3029 1243 3091 Haec
1279 3027 1745 3114 frementibus
1808 3027 1975 3091 lzora
2014 3027 2265 3112 fatalis
2330 3027 2743 3112 ignominiae
2804 3026 3099 3099 advenit,

750 3135 976 3198 omnia
1013 3135 1311 3200 tristiora
1343 3135 1763 3220 experiundo
1785 3135 2098 3222 factura,
2150 3157 2350 3221 quam
2405 3157 2577 3221 quae
2610 3139 3107 3221 praeceperant

752 3243 1014 3307 animis.
1107 3239 1327 3310 Etiam
1394 3240 1688 3330 singula,
1757 3262 1955 3329 quae,
2025 3262 2178 3308 cum
2249 3239 2593 3309 exercitus
2664 3241 2798 3308 sub
2860 3239 3098 3328 iugum

752 3346 1169 3430 mittebatur,
1217 3348 1543 3416 videntur
1571 3347 1822 3417 usitata
1854 3346 2087 3429 fuisse,
2123 3346 2699 3434 describuntur7).
2770 3351 2920 3413 Iam
2956 3348 3101 3436 pri-

752 3478 940 3520 mum
1001 3479 1151 3520 cum
1210 3457 1507 3543 singulis
1568 3456 1984 3521 vestimentis
2030 3456 2321 3521 inermes
2366 3460 2564 3521 extra
2611 3456 2867 3520 vallum
2915 3457 3105 3521 exire

755 3563 941 3636 iussi,
1012 3570 1079 3628 et
1127 3565 1350 3650 primi
1404 3564 1648 3629 traditi
1705 3563 1959 3627 obsides
2021 3568 2224 3648 atque
2287 3562 2360 3626 in
2406 3563 2773 3627 custodiam
2818 3563 3102 3629 abducti.

765 3672 938 3733 Tum
984 3692 1028 3733 a
1075 3670 1458 3735 consulibus
1518 3670 1703 3735 abire
1769 3671 2030 3734 lictores
2094 3670 2269 3733 iussi
2303 3669 2931 3756 paludamentaque
2995 3671 3101 3736 de-

756 3782 972 3842 tracta
992 3801 1021 3847 ,·
1072 3782 1333 3841 tantam
1382 3777 1460 3840 id
1484 3778 1667 3841 inter
1696 3778 1890 3862 ipsos,
1927 3777 2051 3862 qui
2079 3777 2291 3862 paulo
2321 3782 2483 3842 ante
2525 3800 2631 3842 eos
2678 3783 3104 3844 exsecrantes

971 4008 1012 4078 ¹)
1049 4007 1176 4064 Liv.
1214 4026 1266 4079 4,
1308 4026 1391 4078 10,
1429 4026 1481 4080 3.

967 4096 1011 4168 ²)
1049 4097 1177 4153 Liv·
1219 4116 1271 4168 4,
1312 4115 1396 4168 10,
1433 4115 1494 4168 43
1548 4115 1600 4168 9,
1639 4116 1690 4168 4,
1727 4115 1789 4169 3;
1843 4116 1897 4169 9,
1932 4114 1984 4169 5,
2025 4115 2118 4168 12;
2172 4115 2225 4169 9,
2267 4115 2350 4170 15,
2388 4116 2448 4171 55
2502 4117 2556 4170 9,
2593 4116 2680 4170 42,
2718 4116 2778 4171 73
2842 4096 3100 4171 Appian.

750 4187 951 4243 Samn.
991 4206 1042 4258 4,
1080 4204 1141 4257 43
1178 4188 1324 4245 Zon.
1364 4205 1414 4259 7,
1453 4188 1540 4245 26.

968 4275 1011 4347 8)
1049 4294 1101 4348 3)
1142 4294 1227 4349 Ῑ5)
1264 4277 1372 4347 416·
1418 4309 1475 4318 -
1519 4275 1564 4346 ⁴)
1603 4293 1654 4348 5›
1695 4294 1722 4331 Ῑ
1767 4284 1883 4334 eXt·
1921 4294 1971 4349 5·

968 4364 1010 4436 ⁸)
1048 4366 1178 4421 Liv.
1214 4383 1267 4437 9,
1308 4383 1392 4438 15,
1429 4383 1481 4438 5.
1538 4399 1594 4406 —
1658 4364 1701 4436 ⁸)
1740 4365 1868 4422 Liv.
1906 4384 1958 4438 9,
1995 4382 2046 4437 5,
2083 4367 2282 4425 8—11.

969 4454 1010 4525 ⁷)
1048 4454 1177 4512 Liv.
1215 4473 1268 4526 9,
1305 4472 1356 4527 5,
1400 4473 1627 4526 12-14,
