3467 5350
1265 589 1711 656 „41-

312 767 944 852 accommodarent,
993 765 1243 834 deinde
1288 764 1606 854 captivos
1655 765 1787 833 sub
1837 763 1984 833 illas
2033 764 2400 847 mitterent,
2448 776 2666 833 trans-

314 875 567 945 missos
616 874 683 943 in
732 876 1022 965 patriam
1072 873 1332 942 liberos
1380 872 1819 945 dimitterent.
1912 872 2069 941 Hoc
2119 873 2205 940 ab
2255 871 2380 942 illis
2427 871 2664 962 iugum

314 982 573 1066 vocari,
624 982 814 1071 quod
856 981 1057 1050 etiam
1091 993 1451 1071 postremo
1483 980 1661 1050 inter
1709 993 1980 1050 ceteras
2029 980 2459 1071 expiationes
2506 980 2667 1070 legi-

315 1091 514 1160 timas
562 1089 960 1159 adhibuisse
1009 1112 1155 1172 eos,
1206 1088 1323 1178 qui
1370 1101 1532 1158 tunc
1579 1089 1903 1158 iuvenem
1953 1089 2365 1158 lustrassent
2385 1095 2456 1172 1).

527 1197 785 1266 Tribus
849 1196 1064 1266 hastis
1124 1197 1364 1287 iugum
1411 1196 1622 1266 fiebat
1669 1196 1859 1265 humi
1904 1196 2061 1266 fixis
2110 1197 2383 1266 duabus
2430 1219 2666 1288 super·

314 1329 449 1396 que
515 1327 635 1374 eas
703 1316 1103 1374 transversa
1169 1328 1305 1374 una
1369 1305 1670 1396 deligata
1687 1308 1761 1394 2).
1857 1304 2109 1374 Festus
2129 1305 2176 1396 ⁸)
2234 1307 2359 1371 sub
2424 1308 2665 1394 iugum

312 1416 496 1480 mitti
514 1416 811 1501 dz'cuntf
834 1415 1052 1479 hostes
1083 1415 1258 1489 victi,
1310 1416 1552 1501 ereptis·
1577 1415 1885 1480 omnibus
1908 1415 2117 1480 armzlr
2164 1415 2463 1501 telisque,
2514 1438 2665 1480 cum

310 1524 474 1588 astzk
485 1527 535 1611 7⁴
575 1523 820 1609 defixis
846 1522 1108 1587 duabus
1155 1524 1228 1587 in
1277 1529 1480 1598 terra,
1531 1524 1864 1609 tertiaque
1909 1524 2007 1587 ad
2036 1544 2382 1587 summum
2430 1545 2664 1588 earum

314 1632 626 1717 delzgrata,
673 1631 923 1717 speciei
961 1631 1141 1718 am'f
1171 1683 1183 1695 .
1219 1683 1231 1695 .
1284 1631 1529 1695 bentur
1568 1631 1934 1696 subeuntes
1981 1630 2291 1696 transire.

523 1736 717 1807 Pauli
788 1748 1117 1828 excerpta
1137 1742 1222 1822 ⁴):
1286 1740 1411 1804 sub
1480 1740 1721 1825 iugum
1792 1740 1977 1803 mitti
2031 1739 2361 1803 dicuntur
2424 1739 2661 1812 hostes,

312 1870 462 1912 cum
534 1847 797 1912 duabus
862 1848 1074 1913 hastis
1126 1849 1200 1912 in
1261 1854 1446 1914 term
1508 1848 1755 1934 defiles·
1815 1848 2148 1933 tertiaque
2202 1854 2411 1932 super
2455 1846 2667 1932 legata

309 1955 598 2020 inermes
641 1955 767 2019 sub
812 1978 923 2021 eas
971 1960 1313 2041 coguntur
1357 1956 1666 2020 transire.
1761 1951 2080 2021 Zonaras
2100 1956 2182 2037 ὅ),
2251 1955 2291 2040 ἡ
2338 1952 2401 2017 δὲ
2447 1951 2665 2041 πρᾶξις

309 2065 348 2149 ἡ
383 2069 487 2125 τοῦ
516 2070 698 2147 ζυγοῦ
731 2064 925 2127 τοιάδε
957 2085 1053 2138 τις
1083 2065 1177 2150 ἢν·
1224 2062 1520 2151 σταυροὺς
1552 2064 1674 2142 δύο,
1723 2065 1891 2151 ὄρθια
1937 2063 2166 2148 δηλαδὴ
2204 2059 2356 2144 ξύλα
2392 2062 2666 2149 διέχοντα

311 2170 622 2256 ἀλλήλων,
680 2171 771 2244 εἰς
825 2170 935 2255 τὴν
979 2179 1087 2257 γῆν
1140 2174 1538 2257 κατεπήγνυον
1592 2170 1686 2233 καὶ
1737 2171 1943 2244 αὐτοῖς
2001 2170 2305 2233 ἐπετίθουν
2362 2169 2662 2256 ἐγκαρσιον

315 2276 536 2365 ἕτερον,
585 2277 680 2340 καὶ
725 2277 818 2340 διὰ
864 2280 1042 2361 μέσου
1091 2279 1319 2341 τούτων
1366 2276 1514 2352 τοὺς
1561 2279 1828 2352 ἁλόντας
1873 2279 2068 2365 διῆγον
2116 2278 2394 2361 γυμνούς.

523 2380 923 2450 Exercitum
983 2385 1114 2452 sub
1173 2383 1412 2473 iugum
1463 2383 1631 2453 mitti
1681 2406 1819 2452 non
1867 2383 2116 2452 licebat
2163 2382 2292 2451 nisi
2337 2402 2463 2473 per
2510 2404 2661 2473 pac-

311 2489 564 2558 tionem
587 2493 658 2575 6).
753 2489 984 2576 Quam
1032 2490 1182 2559 fieri
1232 2493 1622 2581 oportebat,
1679 2492 2085 2582 priusquam
2135 2489 2482 2560 exercitus
2529 2492 2661 2559 sub

307 2597 546 2688 iugum
574 2597 978 2667 mitteretur.
1072 2598 1250 2667 Nam
1296 2600 1690 2691 accepimus
1742 2599 1957 2668 semel
2005 2599 2271 2668 consuli
2319 2600 2658 2667 honorem

308 2705 630 2796 triumphi
664 2729 705 2774 a
733 2718 979 2776 senatu
1012 2730 1170 2777 esse
1201 2721 1553 2797 negatum,
1588 2708 1782 2798 quod
1813 2708 2129 2798 captivos
2162 2707 2309 2776 sine
2342 2707 2662 2798 pactione

307 2815 438 2882 sub
486 2814 723 2902 iugum
777 2813 1076 2884 misisset
1100 2819 1166 2898 ⁷).
1261 2816 1592 2885 Pactione
1640 2816 1819 2884 sacta
1867 2815 2368 2905 obsidibusque
2418 2814 2661 2902 datis⁸)

309 2920 640 2990 exercitui
703 2921 978 3012 captivo
1042 2922 1461 3012 deponenda
1524 2936 1719 2993 erant
1784 2945 1977 2992 arma
1996 2928 2044 3008 ⁹)
2094 2922 2476 3014 copiaeque
2523 2944 2661 2991 om-

309 3027 491 3095 nium
560 3051 792 3097 rerum
841 3042 1040 3097 erant
1085 3031 1466 3100 tradendae
1486 3037 1585 3116 1⁰).
1679 3032 1915 3102 Semel
1962 3031 2240 3099 invenio
2308 3031 2662 3100 consulem

308 3134 703 3204 Romanum
736 3136 941 3204 etiam
973 3138 1392 3227 postulasse,
1426 3151 1501 3207 ut
1533 3139 1913 3229 imperator
1938 3138 2239 3208 hostium
2267 3138 2661 3221 dederetur,

525 3282 567 3351 ¹)
608 3280 777 3336 Dion.
817 3280 949 3338 Hal.
989 3299 1041 3353 3,
1080 3299 1167 3337 22.

525 3371 567 3443 ²)
606 3371 734 3428 Liv.
772 3389 825 3442 3,
876 3373 964 3442 28,
1005 3390 1088 3426 11.
1163 3371 1422 3444 Appian.
1460 3372 1660 3428 Samn.
1699 3391 1752 3443 4,
1802 3373 1866 3427 6:
1918 3367 2025 3425 δυσὶ
2075 3372 2277 3445 δόρασιν
2328 3372 2381 3433 ἐς
2428 3370 2520 3445 τὴν
2572 3377 2664 3445 γῆν

306 3462 648 3536 ἐμπεπηγόσιν
686 3460 966 3533 ἐπικάρσιον
1002 3459 1132 3515 ἄλλο
1172 3460 1381 3523 ἐπιθείς.
1459 3462 1527 3518 cf.
1568 3462 1739 3518 Dion.
1778 3463 1911 3518 Hal.
1948 3481 2002 3534 3,
2041 3481 2127 3518 21.

523 3550 565 3622 ⁸)
606 3570 663 3624 P·
700 3568 808 3623 305
844 3551 922 3606 M·

521 3641 566 3712 ⁴)
606 3660 663 3714 p.
701 3660 809 3714 304
845 3641 922 3699 M.

523 3730 566 3801 ⁸)
606 3749 657 3803 7,
698 3749 781 3804 17·

522 3819 566 3891 ⁸)
605 3821 734 3879 Liv·
771 3839 824 3892 9,
862 3838 914 3893 5,
952 3838 1016 3893 5,
1052 3840 1105 3893 9,
1141 3840 1230 3893 42,
1269 3841 1318 3895 7·

525 3909 566 3979 ⁷)
605 3909 735 3969 Liv.
775 3928 859 3981 1o,
896 3912 986 3982 36,
1027 3928 1112 3982 19.

524 3996 567 4068 ⁸)
605 3997 733 4055 Liv.
769 4017 822 4070 9,
860 4016 911 4071 5,
953 4018 1036 4057 12.

525 4085 568 4156 ⁸)
606 4085 734 4145 Liv·
759 4106 812 4159 3,
842 4106 929 4160 29,
962 4107 1019 4159 13
1056 4108 1109 4161 4,
1150 4108 1234 4161 Ιο,
1272 4098 1388 4162 314,
1425 4109 1478 4161 4,
1520 4109 1604 4161 10,
1642 4110 1704 4164 73
1741 4109 1795 4163 9,
1833 4109 1885 4164 5,
1923 4109 1984 4164 5;
2021 4110 2075 4163 9,
2094 4110 2227 4164 4,3;
2263 4111 2316 4164 9,
2352 4110 2405 4164 5,
2445 4110 2534 4163 123
2576 4111 2660 4163 10,

307 4177 396 4248 36,
438 4193 529 4246 143
568 4193 654 4248 25,
692 4177 743 4247 6,
784 4195 877 4248 Ιο,
929 4195 1016 4250 25,
1053 4180 1106 4250 6,
1147 4198 1239 4250 123
1300 4181 1347 4236 F
1350 4181 1454 4239 lor.
1499 4199 1548 4252 1,
1588 4181 1672 4252 16,
1714 4199 1778 4236 11
1792 4199 1808 4252 ,
1876 4182 2049 4240 Oros.
2086 4200 2140 4253 3,
2181 4199 2266 4254 15,
2302 4183 2362 4252 6,
2428 4182 2661 4241 Iordan.

307 4265 479 4322 Rom.
521 4283 649 4338 1453
687 4266 1226 4340 Appian.Samn.4,
1262 4287 1323 4340 4,
1362 4270 1532 4326 Dion.
1547 4270 1681 4329 Hal.
1693 4290 1747 4344 3,
1785 4289 1882 4342 213
1923 4290 2008 4343 1o,
2045 4290 2141 4343 24;
2178 4273 2225 4328 F
2231 4279 2336 4328 est.
2365 4290 2422 4344 p.
2447 4289 2555 4346 305
2573 4273 2658 4340 M;

359 4374 450 4413 on.
584 4375 609 4411 1
663 4375 675 4387 ·

306 4356 355 4413 Ζ
491 4359 889 4522 7;“)Ἅρ71;ἰζῐι6.
927 4447 1127 4506 Samn.
1167 4466 1218 4523 4,
1256 4467 1317 4523 4,
1356 4450 1498 4508 Ζοη.
1540 4469 1591 4525 7,
1630 4452 1717 4512 26.
