3467 5350
1371 549 1813 616 „39-

419 739 525 796 est
557 750 640 795 ea
672 747 883 794 causa
916 723 1264 807 commoti,
1316 724 1505 812 quod
1537 723 1901 792 Romanos
1933 745 2273 793 summam
2315 721 2763 812 ignominiam

419 833 813 902 existimare
860 832 1098 921 iugum
1148 832 1331 899 haud
1380 829 1816 920 ignorabant.
1912 830 2186 915 Poenis,
2255 830 2593 914 Numidis,
2643 831 2765 900 Hi-

419 939 675 1031 spaniS,
725 939 1100 1029 Tigurinis,
1150 939 1422 1008 Parthis
1465 937 1705 1028 iugum
1748 937 2082 1028 principio
2130 960 2354 1027 aeque
2401 961 2481 1007 ac
2514 937 2766 1012 Mithri-

420 1049 559 1118 dati
607 1060 756 1118 erat
787 1072 1001 1115 novus
1056 1049 1498 1114 contumeliae
1552 1071 1710 1122 mos,
1763 1068 1968 1135 quem
2018 1046 2213 1115 bellis
2248 1069 2402 1114 cum
2429 1046 2765 1116 Romanis

419 1156 636 1246 gestis
684 1156 1036 1245 cognitum
1087 1165 1524 1243 acceperunt,
1575 1165 1651 1221 ut
1694 1153 2059 1222 Romanos
2109 1153 2523 1223 contumelia
2570 1154 2768 1245 quasi

418 1264 700 1354 propria
748 1263 1121 1331 afficerent.

633 1369 1227 1440 Consuetudinem
1260 1368 1437 1437 illam
1469 1369 1601 1437 sub
1634 1368 1873 1457 iugum
1909 1369 2153 1438 hostes
2201 1369 2514 1439 mittendi
2558 1371 2767 1441 unde·

417 1502 575 1549 nam
609 1477 895 1562 venerit,
947 1477 1225 1566 quidam
1260 1476 1427 1546 satis
1476 1475 1646 1545 mire
1694 1476 2254 1567 interpretantur.
2346 1477 2764 1564 Floru51),

419 1586 538 1655 ubi
585 1586 729 1675 agit
775 1587 861 1654 de
909 1586 1091 1655 bello
1142 1584 1422 1653 Latino:
1472 1584 1770 1674 Aequos
1819 1596 1887 1653 et
1932 1584 2232 1653 Volscos
2292 1587 2484 1651 Titus
2518 1588 2766 1671 Quinc-

416 1697 553 1761 tius
591 1696 865 1770 domuit,
916 1696 1029 1761 ille
1059 1695 1345 1760 dictator
1369 1695 1451 1758 ab
1498 1700 1748 1768 aratro,
1801 1694 1926 1780 qui
1964 1694 2220 1758 obsessa
2268 1699 2335 1759 et
2362 1702 2586 1780 paene
2632 1696 2766 1759 iam

417 1809 609 1890 capta
639 1803 906 1867 Manili
931 1803 1223 1891 consulis
1256 1808 1476 1867 castra
1507 1802 1779 1888 egregia
1810 1802 2087 1866 victoria
2119 1803 2555 1888 recuperavit.
2617 1805 2767 1868 Me-

417 1912 606 1975 dium
655 1916 805 1976 erat
846 1916 1109 1997 tempus
1130 1912 1324 1997 forte
1367 1910 1704 1983 sementis,
1772 1932 1923 1974 cum
1971 1909 2342 1996 patricium
2391 1911 2616 1975 virum
2664 1911 2765 1974 in-

416 2019 663 2082 nixum
693 2024 923 2083 aratro
957 2040 1080 2082 suo
1127 2017 1321 2081 lictor
1367 2017 1441 2081 in
1489 2017 1628 2103 ipso
1674 2025 1870 2103 opere
1918 2017 2375 2103 deprehendit.
2468 2018 2647 2083 Inde
2691 2019 2765 2084 in

416 2125 627 2189 aciem
639 2126 1002 2211 profectus,
1053 2124 1275 2197 victos,
1325 2146 1413 2188 ne
1439 2123 1610 2208 quid
1639 2146 1681 2187 a
1720 2124 1965 2188 rustici
1988 2125 2203 2210 operis
2232 2125 2604 2189 imitatione
2636 2147 2766 2190 ces-

414 2238 614 2305 saret,
665 2253 846 2296 more
880 2229 1223 2317 pecudum
1268 2229 1393 2294 sub
1439 2231 1679 2316 iugum
1726 2231 1924 2295 misit.

631 2336 686 2403 F
707 2359 743 2403 r
766 2359 808 2404 o
830 2348 986 2405 nto
1005 2339 1094 2421 2);
1190 2344 1413 2403 truces
1455 2338 1648 2404 tauri
1699 2338 1933 2424 subigi
1984 2338 2329 2424 iungendo
2376 2339 2767 2426 domarique

404 2452 689 2532 potuere
705 2473 729 2509 .·
784 2454 1161 2532 praequam
1225 2446 1449 2511 nostri
1508 2446 1847 2511 exercitus
1916 2446 2027 2510 illi
2080 2445 2205 2510 sub
2273 2446 2513 2532 iugum
2583 2448 2777 2512 missi

410 2561 621 2625 sunt:
689 2554 817 2619 sed
857 2553 1114 2618 eosdem
1162 2554 1329 2627 illos,
1395 2553 1520 2640 qui
1554 2553 1679 2618 sub
1726 2553 1967 2638 iugum
2014 2560 2312 2639 egerant,
2365 2555 2578 2640 paulo
2611 2562 2772 2641 post

413 2667 573 2728 ante
642 2662 1064 2749 triumphum
1135 2661 1358 2726 nostri
1409 2683 1602 2747 egere
1665 2665 1732 2726 et
1793 2660 2082 2747 captivos
2125 2661 2251 2727 sub
2298 2685 2540 2727 corona
2608 2685 2764 2729 ven-

415 2770 659 2836 didere.

631 2875 1144 2960 Orosius³):
1211 2873 1602 2961 (Quinctius
1655 2873 2122 2959 Cincinnatus)
2174 2878 2299 2964 qui
2337 2883 2645 2964 repertus
2691 2879 2765 2943 in

416 3007 597 3058 rure,
646 2985 727 3048 ab
758 2991 986 3049 aratro
1015 2984 1374 3049 arcessitus
1404 2985 1501 3048 ad
1515 2985 1768 3071 fasces,
1815 2989 2082 3070 sumpto
2113 2985 2363 3049 honore
2408 2985 2763 3050 instructo-

417 3113 546 3177 que
606 3091 927 3164 exercitu,
1000 3113 1158 3155 mox
1219 3091 1430 3155 victor
1490 3092 1778 3179 effectus,
1850 3092 1937 3154 iu
1945 3112 2061 3176 gu
2076 3113 2143 3154 m
2216 3091 2249 3154 b
2269 3114 2305 3156 o
2322 3114 2370 3155 u
2386 3114 2452 3155 m
2497 3093 2765 3179 Aequis

414 3198 713 3284 inposuit
806 3197 1284 3283 victoriamque
1368 3198 1569 3283 quasi
1647 3221 1682 3261 s
1703 3199 1825 3262 tiv
1841 3220 1884 3261 a
1900 3219 1966 3260 m
2062 3203 2300 3262 tenens
2373 3199 2764 3286 subiugatos

413 3307 630 3372 hostes
665 3313 839 3392 prae
881 3327 954 3370 se
988 3305 1260 3391 primus
1307 3306 1459 3391 egit.

627 3412 719 3480 Io
742 3433 776 3479 r
797 3412 840 3480 d
861 3435 901 3480 a
921 3434 965 3479 n
985 3410 1007 3479 i
1027 3414 1163 3497 5⁴):
1213 3414 1509 3479 medium
1543 3418 1692 3477 erat
1720 3417 1982 3499 tempus
1994 3414 2188 3500 forte
2221 3414 2558 3487 sementis,
2610 3438 2762 3479 cum

400 3522 773 3608 patricium
798 3522 1022 3586 virum
1049 3517 1472 3606 (Quinctium
1498 3516 2002 3604 Cincinnatum)
2034 3520 2357 3584 innixum
2384 3527 2614 3586 aratro
2639 3545 2763 3587 suo

413 3631 608 3694 lictor
660 3630 733 3693 in
803 3630 943 3714 ipso
1003 3637 1199 3715 opere
1263 3628 1763 3714 depraehendit.
1825 3627 1985 3692 inde
2031 3627 2104 3691 in
2151 3627 2360 3692 aciem
2394 3629 2758 3715 profectus,

413 3759 502 3800 ne
549 3737 719 3822 quid
771 3758 814 3799 a
875 3736 1121 3800 rustici
1158 3736 1375 3821 operis
1421 3735 1794 3799 imitatione
1840 3739 2144 3808 cessaret,
2204 3736 2534 3821 pecodum
2582 3758 2764 3802 more

410 3841 535 3906 sub
567 3842 806 3928 iugum
835 3842 1020 3906 misit
1063 3843 1619 3928 expeditioneque
1639 3842 1863 3928 finita
1910 3841 2114 3907 rediit
2153 3843 2251 3907 ad
2291 3842 2474 3908 bobes
2520 3865 2764 3910 rursus

414 3949 845 4035 triumphalis
888 3951 1198 4036 agricola.

630 4127 672 4198 ¹)
713 4145 760 4199 1,
801 4145 885 4198 11,
926 4129 1102 4199 12113.

628 4215 671 4286 ²)
711 4218 786 4273 de
826 4215 978 4272 bello
1014 4216 1291 4273 Parthico
1328 4235 1384 4290 p.
1424 4235 1532 4274 220
1567 4218 1635 4274 N.

629 4305 671 4376 ⁸)
710 4324 761 4376 2,
803 4324 887 4375 12,
923 4307 975 4361 8.

625 4395 671 4468 ⁴)
708 4394 881 4452 Rom.
923 4412 1043 4471 127.
