3467 5350
1747 553 2190 645 ——48—

794 764 935 822 tum
987 763 1055 822 et
1101 765 1307 822 nocte
1354 765 1422 822 et
1470 752 1579 821 die
1629 752 2136 821 custodiebant.
2231 752 2479 841 Neque
2513 751 3019 843 permittebant,
3067 764 3143 820 ut

794 862 1312 930 excalcearetur
1343 872 1461 929 aut
1492 861 2021 949 discingeretur,
2071 883 2157 929 ne
2191 860 2247 928 si
2282 863 2564 949 quando
2598 861 2851 950 aliquid
2901 883 2988 928 ex
3034 882 3141 928 so-

792 969 910 1037 lito
974 969 1293 1051 variaret,
1364 981 1739 1059 suspectus
1801 967 1902 1054 iis,
1975 967 2091 1058 qui
2153 968 2370 1037 oculis
2432 969 2912 1038 tantummodo
2982 990 3139 1036 eum

794 1076 1296 1157 custodiebant,
1345 1075 1524 1144 foret
1545 1081 1610 1159 ¹).
1703 1074 2217 1164 Hierosolymis
2249 1074 2466 1166 captis
2496 1100 2583 1144 ex
2644 1076 2869 1145 inedia
2916 1075 3144 1143 dicun-

791 1196 902 1253 tur
947 1182 1214 1274 perisse
1261 1182 1580 1251 undecim
1630 1182 1811 1251 milia
1838 1182 2290 1273 captivorum,
2339 1183 2584 1273 partim
2634 1206 2723 1252 ex
2772 1184 3140 1252 custodum

790 1291 855 1359 in
896 1290 1047 1360 illos
1072 1291 1235 1359 odio
1263 1290 1424 1359 nihil
1474 1291 1833 1373 habentes,
1884 1291 2071 1379 quod
2123 1292 2589 1374 comederent,
2638 1290 2908 1381 partim,
2950 1291 3140 1381 quod

790 1399 1026 1467 datum
1097 1409 1266 1480 erat,
1338 1398 1653 1489 accipere
1714 1401 2208 1480 recusantes2).
2304 1396 2635 1488 SaporeS,
2709 1421 2834 1466 rex
2896 1398 3142 1466 Persa-

790 1528 966 1590 rum,
1038 1505 1446 1575 multitudini
1516 1505 1949 1596 captivorum
2018 1527 2158 1573 non
2229 1506 2387 1595 plus
2454 1505 2585 1573 cibi
2654 1505 2841 1574 dedit
2933 1527 3137 1595 quam

791 1627 1121 1704 quantum
1186 1615 1273 1683 ad
1335 1615 1660 1682 tuendam
1727 1615 1934 1683 vitam
1998 1613 2167 1683 satis
2229 1624 2417 1682 esset
2439 1617 2510 1697 ⁸).
2615 1613 2835 1681 Etiam
2896 1612 3139 1682 Valen-

788 1721 1105 1801 tinianuS,
1156 1723 1274 1810 qui
1305 1744 1524 1791 senex
1562 1721 1627 1789 in
1669 1721 1818 1791 eius
1863 1733 2277 1812 potestatem
2327 1733 2634 1803 venerat,
2683 1721 3141 1810 ignominiose

789 1852 830 1897 a
876 1828 1151 1918 Sapore
1199 1830 1621 1897 tractabatur
1643 1832 1712 1914 ⁴).

1003 1954 1148 2023 Sed
1200 1977 1455 2046 operae
1503 1954 1794 2045 pretium
1845 1967 1953 2024 est
1999 1955 2201 2024 etiam
2251 1978 2334 2024 ea
2380 1954 2708 2043 colligere
2754 1953 3142 2023 testimonia

791 2074 1126 2146 veterum,
1178 2062 1430 2151 quibus
1478 2063 2018 2147 demonstretur,
2069 2076 2323 2153 quanta
2357 2062 2716 2132 clementia
2748 2061 3143 2151 gravissimi

788 2171 1268 2240 Romanorum
1333 2172 1575 2239 hostes
1641 2171 2086 2239 tractaverint
2150 2170 2485 2262 captivos.
2582 2169 2897 2261 Inprimis
2945 2170 3143 2257 Pyr·

788 2280 1016 2361 rhus,
1067 2278 1508 2368 Epirotarum
1542 2300 1688 2361 reX,
1730 2278 1912 2348 bello
1964 2290 2206 2367 captos
2253 2278 2694 2367 indulgenter
2739 2276 3068 2346 habuisse
3089 2280 3138 2362 ὅ)

789 2400 996 2478 atque
1061 2385 1125 2453 in
1191 2385 1539 2477 hospitum
1604 2408 1899 2455 numero
1962 2384 2249 2454 duxisse
2299 2384 2635 2468 dicitur0).
2732 2383 2981 2474 Neque
3028 2384 3143 2452 mi·

789 2518 919 2563 nus
990 2492 1527 2574 Hannibal,
1608 2516 1816 2583 quem
1898 2492 2137 2562 Livius
2213 2493 2584 2561 inhumana
2671 2492 3071 2562 crudelitate
3094 2495 3142 2575 7)

789 2602 1001 2670 fuisse
1080 2599 1450 2683 contendit,
1528 2623 1800 2668 summa
1869 2622 2039 2667 usus
2122 2610 2228 2668 est
2301 2600 2726 2690 indulgentia
2801 2602 2866 2668 in
2940 2601 3142 2691 capti-

790 2733 923 2778 vos
985 2710 1211 2778 omnis
1273 2708 1481 2778 Italici
1541 2709 1838 2778 nominis
1897 2721 2176 2799 praeter
2236 2709 2600 2778 Romanos
2660 2709 2873 2799 ipsos,
2980 2709 3141 2777 Hoc

787 2828 1081 2886 testatur
1157 2816 1337 2885 idem
1413 2816 1650 2885 Livius
1671 2820 1753 2902 ε’);
1823 2817 1950 2884 sed
2032 2816 2260 2886 mitem
2337 2817 2522 2885 illum
2594 2840 2679 2886 eo
2753 2817 2983 2886 animo
3060 2839 3139 2885 se

786 2923 1215 3015 praestitisse
1277 2924 1488 3007 addit,
1556 2936 1628 2992 ut
1687 2923 1870 2992 fama
1934 2924 2331 2993 clementiae
2393 2924 2459 2992 in
2508 2923 2843 3015 principio
2904 2947 3136 2993 rerum

787 3031 1230 3121 colligeretur
1254 3035 1323 3116 ⁹).
1441 3030 1812 3100 Nuceriam
1891 3054 2046 3100 cum
2126 3033 2209 3121 (a.
2282 3033 2415 3099 216
2482 3054 2541 3100 a.
2612 3031 2806 3118 Chr.)
2884 3032 3138 3101 Hanni-

785 3139 897 3208 bal
958 3139 1025 3208 in
1089 3138 1507 3208 deditionem
1572 3139 1976 3229 accepisset,
2027 3142 2338 3227 praemia
2396 3148 2598 3228 atque
2659 3143 2959 3223 honoreS,
3024 3142 3148 3228 qui

785 3250 1241 3316 remanserint
1266 3272 1345 3314 ac
1376 3250 1666 3315 militare
1693 3273 1921 3314 secum
1968 3250 2353 3323 volutis-sent,
2392 3249 2856 3338 proposuitm).
2953 3247 3136 3334 Quin

785 3355 988 3425 etiam
1077 3356 1440 3445 PolybiuS,
1535 3359 1732 3423 baud
1812 3360 2240 3444 spernendus
2329 3365 2582 3432 auctor,
2676 3356 3134 3426 Hannibalem

787 3463 1021 3533 socios
1070 3463 1552 3532 Romanorum
1599 3464 1687 3532 ad
1734 3463 2062 3533 Trebiam
2116 3476 2358 3553 captos
2406 3464 2734 3534 habuisse
2782 3467 2843 3531 ἐν
2872 3469 2950 3551 τῇ
2980 3473 3139 3550 πάσῃ

785 3574 1292 3662 φιλανθρωπίᾳῑῑ)
1341 3571 1678 3661 gloriatur
1741 3593 1970 3660 neque
2037 3572 2419 3641 conclamat
2481 3594 2618 3640 una
2682 3595 2838 3641 cum
2889 3572 3139 3641 ceteris

785 3678 1291 3747 ferocissimum
1333 3678 1545 3747 fuisse
1594 3678 1823 3748 animo
1873 3679 2207 3747 Poenum.
2301 3681 2478 3755 Τινὲς
2525 3681 2628 3767 μὲν
2675 3684 2784 3769 γάρ
2832 3682 2992 3766 ὠμὸν
3040 3682 3144 3745 αό-

788 3790 890 3852 τὸν
940 3790 1156 3852 οἴονται
1202 3792 1492 3874 γεγονέναι
1539 3786 1673 3853 καθ’
1721 3788 2181 3877 ὑπερβολήνῑὲ).
2275 3788 2385 3856 Ne
2433 3811 2590 3857 eum
2640 3788 2919 3876 quidem
2968 3787 3145 3877 fugit

1000 4078 1045 4145 ι)
1083 4075 1232 4130 Vell.
1272 4075 1501 4132 Patere.
1541 4092 1593 4146 2,
1632 4092 1719 4146 41,
1757 4093 1808 4147 3.
1866 4108 1921 4116 —
1987 4076 2027 4143 ²)
2065 4076 2295 4149 Ioseph.
2334 4076 2389 4132 b.
2428 4076 2468 4132 Ι.
2506 4076 2560 4146 6,
2597 4093 2650 4147 9,
2689 4094 2739 4131 2.
2799 4108 2855 4117 —
2914 4076 2956 4147 ⁸)
2995 4075 3145 4132 Zon.

784 4181 870 4235 12,
909 4182 994 4236 23.
1077 4198 1130 4206 -
1214 4164 1259 4233 ⁴)
1297 4165 1443 4221 Zon.
1487 4183 1569 4235 12,
1607 4183 1694 4237 23.
1776 4199 1832 4206 —
1915 4165 1961 4236 ⁸)
2001 4166 2151 4223 Flor.
2195 4185 2242 4237 1,
2295 4168 2379 4236 18,
2430 4184 2526 4239 153
2583 4166 2822 4238 Eutrop.
2862 4184 2913 4236 2,
2955 4184 3038 4236 11,
3076 4184 3113 4237 3
3127 4185 3145 4237 ;

784 4255 1016 4311 Iordan.
1054 4254 1227 4312 Rom.
1268 4272 1387 4328 157.
1434 4289 1490 4296 —
1538 4254 1581 4326 ⁸)
1619 4255 1749 4312 Liv.
1790 4273 1877 4325 22,
1916 4273 2003 4328 59,
2045 4273 2128 4328 13.
2175 4287 2231 4295 —
2279 4257 2320 4328 Ι’)
2359 4256 2488 4312 Liv.
2529 4274 2615 4327 21,
2653 4274 2705 4326 4,
2742 4275 2794 4328 9.
2828 4288 2884 4296 —
2931 4254 2974 4325 ⁸)
3012 4255 3149 4314 Liv.

784 4363 872 4417 23,
915 4362 998 4417 15,
1037 4363 1100 4416 43
1139 4363 1225 4417 23,
1264 4362 1352 4416 43,
1396 4363 1478 4400 11.
1549 4379 1604 4386 —
1676 4344 1718 4414 ⁸)
1756 4345 1885 4401 Liv.
1925 4364 2013 4416 21,
2050 4348 2139 4417 48,
2181 4365 2264 4402 10.
2329 4380 2384 4388 -
2456 4349 2527 4417 ιο)
2565 4346 2695 4402 Liv.
2734 4364 2821 4418 23,
2863 4364 2946 4419 15,
2983 4364 3034 4416 4.
3081 4378 3142 4388 ——

796 4436 861 4508 ¹¹)
902 4435 1023 4490 Pol.
1064 4453 1115 4507 3,
1154 4453 1240 4508 77,
1279 4453 1330 4506 4.
1377 4469 1431 4477 —
1486 4436 1551 4504 ¹²)
1589 4435 1796 4509 Polyb.
1832 4454 1885 4508 9,
1924 4454 2010 4507 22,
2048 4440 2099 4494 8.
