3467 5350
1653 596 2095 663 ..82-

909 792 1432 862 Poenorum
1484 790 2125 861 mercennarii
2190 791 2602 861 rebellantes
2652 791 2868 882 captis
2918 815 3050 860 ma—

695 923 848 982 nuS,
900 922 1128 986 aureS,
1178 922 1383 968 nares
1429 899 1911 968 dissecuerunt
1960 898 2412 987 membraque
2460 897 2837 987 fregerunt,
2888 898 3043 966 Car·

700 1007 1227 1096 thaginiensium
1261 1006 1495 1076 socios
1527 1005 1944 1075 remiserunt
1975 1004 2306 1095 praecisis
2363 1005 2766 1091 manibus1).
2847 1004 3051 1090 Quae

695 1111 966 1183 Poeni
1016 1114 1328 1183 dicantur
1378 1112 1810 1182 commisisse
1857 1112 1921 1181 in
1964 1111 2314 1201 Regulum
2366 1124 2661 1203 captum,
2713 1113 2846 1181 alio
2895 1115 3048 1180 loco

694 1221 1103 1306 enarravi‘2)‚
1134 1221 1252 1289 Ha
1272 1220 1410 1289 mil
1431 1243 1467 1288 c
1487 1243 1576 1289 ar
1600 1218 1978 1310 principem
2007 1221 2353 1308 quendam
2381 1219 2445 1288 in
2476 1218 2811 1310 Hispania
2835 1220 3049 1288 fertur

696 1326 1066 1397 luminibus
1116 1328 1497 1412 orbasse⁸)‚
1548 1326 2016 1396 Hannibal
2066 1327 2416 1417 quondam
2468 1327 2782 1417 captivos
2831 1326 3046 1395 oneri-

694 1436 827 1504 bus
895 1447 963 1502 et
1010 1434 1248 1503 itinere
1316 1434 1670 1503 confectos
1731 1433 1952 1523 prima
2015 1434 2269 1524 pedum
2335 1446 2530 1524 parte
2588 1435 2856 1502 succisa
2904 1433 3047 1502 reli—

694 1541 931 1630 quisse
950 1545 1020 1626 ⁴).
1112 1540 1260 1610 Sed
1311 1542 1625 1631 quisnam
1676 1552 1984 1631 praestat
2030 1541 2202 1610 haec
2238 1564 2408 1610 vera
2457 1541 2662 1609 esse?
2753 1540 3047 1610 Facilius

693 1647 871 1717 enim
921 1647 1318 1717 historiolae
1364 1660 1843 1738 pervagantur
1884 1669 2089 1736 quam
2125 1648 2473 1717 historiae.
2568 1647 2711 1718 Sed
2749 1649 2836 1716 ad
2869 1670 3048 1716 sum·

694 1777 874 1823 mam
953 1754 1424 1823 crudelitatem
1503 1754 1867 1845 progressi
1943 1766 2106 1823 sunt
2183 1754 3045 1844 Carthaginienses

689 1862 992 1930 maximo
1056 1861 1363 1951 periculo
1423 1860 1746 1951 oppressi
1794 1861 1977 1930 bello
2026 1862 2290 1931 Punico
2337 1862 2562 1931 tertio,
2657 1862 3044 1931 Hasdru-

690 1969 735 2036 b
758 1969 938 2053 al⁶):
989 1970 1079 2034 ἐπὶ
1103 1971 1170 2034 τό
1196 1979 1401 2059 τεῖχος
1425 1972 1656 2056 ἀγαγών
1681 1968 1804 2058 (sc.
1833 1968 2195 2057 captivos),
2234 1973 2369 2034 ὅθεν
2396 1968 3045 2055 εὐσύνοπταῬωμαίοις

690 2078 909 2161 ἔμελλε
973 2078 1049 2140 τὰ
1108 2079 1378 2165 δρώμενα
1442 2078 1696 2154 ἔσεσθαι,
1770 2083 1888 2140 τῶν
1956 2077 2060 2161 μὲν
2129 2076 2486 2166 ὀφθαλμοὺς
2550 2080 2589 2164 ἢ
2656 2080 2938 2163 γλώττας
3003 2079 3042 2163 ἢ

688 2192 865 2273 νεῦρα
896 2186 935 2270 ἢ
971 2185 1155 2248 αἰδοῖα
1187 2187 1467 2273 σιδηρίοις
1492 2182 1719 2266 ἐξεῖλκε
1753 2187 2106 2269 καμπύλοις,
2141 2193 2260 2249 τῶν
2292 2183 2631 2269 δ’ὑπέτεμνε
2662 2187 2739 2249 τοὶ
2773 2187 3044 2269 πέλματα

687 2291 781 2356 καὶ
842 2290 989 2366 τοὺς
1050 2292 1383 2366 δακτύλους
1444 2290 1779 2375 ἐξέκοπτεν,
1850 2293 1889 2378 ἢ
1957 2293 2024 2355 τὸ
2089 2294 2273 2380 δέρμα
2334 2298 2439 2355 τοῦ
2494 2294 2698 2356 λοιποῦ
2760 2294 3043 2376 σώματος

689 2402 938 2477 ἀπέσπα,
1004 2400 1099 2463 καὶ
1163 2406 1395 2472 πάντας
1457 2401 1719 2483 ἔμπνους
1784 2400 1868 2463 ἔτι
1932 2403 2419 2487 κατεκρήμνιζεν,
2488 2400 2851 2464 ἀδιάλλακτα
2911 2407 3042 2473 τοῖς

692 2505 1121 2595 Καρχηδονίοις
1168 2507 1244 2570 τοὶ
1292 2506 1362 2580 ἐς
1396 2502 1726 2590 Ῥωμαίους
1775 2507 2035 2573 ἐπινοῶν.

905 2610 1139 2700 Syri
1205 2609 1624 2700 fugitivi
1686 2634 1828 2680 non
1888 2611 2112 2680 solum
2176 2610 2607 2701 captivorum
2659 2633 2904 2680 manus
2952 2611 3037 2679 ad

693 2718 1099 2802 internodia,
1147 2719 1273 2787 sed
1325 2741 1478 2787 cum
1530 2718 1870 2788 bracchiis
1920 2718 2504 2806 abscindebant0).

905 2824 1558 2894 Mithridates
1624 2826 1959 2916 perfugas
2006 2838 2329 2915 receptos
2378 2825 2656 2894 effossis
2706 2825 2924 2893 oculis
2971 2825 3037 2893 in

687 2954 961 3001 crucem
1012 2934 1269 3021 agebat
1317 2943 1384 3001 et
1431 2932 1608 3001 vivis
1657 2933 1885 3001 adhuc
1935 2933 2165 3021 ignem
2214 2931 2600 3001 subiciebat
2622 2938 2694 3018 ⁷).

901 3038 1150 3128 Neque
1198 3039 1253 3107 P
1273 3039 1320 3107 h
1345 3062 1384 3107 a
1410 3063 1444 3107 r
1469 3063 1512 3107 n
1542 3063 1583 3109 a
1610 3064 1646 3109 c
1672 3064 1710 3108 e
1738 3063 1774 3109 s
1822 3040 2147 3109 abstinuit
2193 3041 2279 3109 ab
2314 3039 2653 3109 eiusmodi
2686 3040 3037 3108 crudelita-

689 3146 956 3232 fibusw.

899 3255 967 3322 A
996 3278 1037 3321 n
1066 3266 1093 3322 t
1116 3254 1189 3344 ig
1214 3277 1257 3321 o
1285 3278 1324 3322 n
1356 3278 1395 3323 u
1423 3278 1459 3323 s
1497 3254 1835 3342 Hyrcano
1869 3255 2121 3324 tradito
2156 3278 2363 3324 aures
2411 3254 2720 3339 abscidit,
2771 3278 2857 3323 eo
2906 3254 3038 3323 ani·

687 3383 821 3440 m0,
895 3384 982 3430 ne
1030 3362 1119 3430 ad
1166 3361 1640 3452 pontificatum
1708 3365 2124 3452 perveniret,
2194 3364 2381 3451 quod
2433 3363 2781 3431 mutilatus
2830 3373 3034 3445 esset,

686 3490 841 3536 curn
892 3469 1002 3537 lex
1051 3469 1466 3537 Iudaeorum
1516 3468 1583 3536 id
1632 3491 1886 3537 munus
1936 3471 2141 3539 vellet
2190 3472 2618 3559 integrorum
2669 3492 2830 3538 esse
2848 3470 2914 3558 ⁹).

901 3576 1344 3645 Incredibiles
1423 3577 1766 3666 quaedam
1847 3576 2288 3647 crudelitates
2360 3579 2448 3646 de
2510 3578 2567 3646 B
2595 3577 2791 3645 rita
2817 3600 2856 3645 n
2886 3600 2926 3644 n
2955 3576 2972 3643 i
3000 3599 3036 3645 s

686 3684 1064 3752 memoriae
1110 3696 1271 3751 sunt
1318 3682 1635 3773 proditae
1653 3688 1752 3768 ¹⁰).

902 3791 1327 3860 Licentia
1377 3792 1841 3860 bellorum
1892 3791 2339 3875 civilium,
2401 3792 2653 3881 quibus
2702 3791 2809 3859 ius
2861 3791 3034 3869 belli,

687 3909 760 3966 ut
806 3897 1084 3987 saepius
1132 3911 1338 3988 atque
1388 3900 1633 3967 iterum
1667 3899 2007 3980 videmuS,
2061 3899 2257 3988 quasi
2294 3899 2638 3989 sepultum
2673 3910 2801 3981 est,
2851 3902 3033 3988 apud

684 4004 1047 4073 Romanos
1097 4007 1297 4074 etiam
1350 4028 1552 4074 usum
1602 4020 1846 4097 captos
1894 4029 2032 4074 non
2084 4006 2437 4075 mutilandi
2475 4006 2808 4096 perrupit.
2903 4005 3035 4073 Vix

907 4183 947 4254 ι)
987 4184 1194 4257 Polyb.
1237 4202 1284 4255 1,
1322 4187 1411 4255 80,
1453 4203 1548 4255 135
1608 4203 1655 4255 1,
1691 4187 1780 4255 81,
1818 4204 1853 4255 4
1866 4203 1882 4255 ;
1945 4185 2116 4241 Diod.
2158 4185 2267 4256 frg.
2305 4202 2393 4256 25,
2429 4202 2482 4256 3.
2510 4218 2567 4226 —
2596 4184 2637 4254 ²)
2679 4202 2735 4256 p.
2776 4188 3030 4258 78180.-

686 4272 728 4343 ⁸)
770 4273 940 4328 Diod.
963 4273 1070 4346 frg.
1084 4291 1171 4347 25,
1214 4293 1298 4331 10.
1322 4308 1379 4316 —
1400 4274 1444 4344 ⁴)
1483 4273 1681 4329 Valer.
1701 4273 1857 4329 Max.
1871 4292 1923 4344 9,
1962 4293 1998 4329 2
2036 4284 2152 4329 ext.
2168 4293 2218 4330 2.
2242 4307 2297 4315 —-
2320 4274 2362 4343 ⁶)
2400 4274 2658 4347 Appian.
2679 4275 2808 4330 Lib.
2834 4276 2950 4330 118.
2975 4307 3028 4314 -

685 4362 727 4432 ⁶)
769 4362 940 4418 Diod.
964 4363 1071 4435 frg.
1090 4383 1178 4435 34,
1215 4367 1266 4420 8.
1313 4396 1368 4405 -
1418 4364 1459 4433 ⁷)
1504 4362 1757 4435 Appian.
1778 4362 1971 4420 Mithr.
1992 4381 2079 4436 97.
2126 4396 2182 4404 -
2229 4362 2271 4433 ⁸)
2311 4363 2644 4435 Appian.b.
2675 4382 2720 4419 c.
2761 4382 2813 4433 2,
2850 4381 2937 4435 91.
2972 4396 3029 4404 —

686 4450 729 4522 9)
768 4452 878 4509 Ios,
918 4461 1033 4508 ant.
1073 4453 1195 4510 Iud.
1237 4470 1320 4523 14,
1362 4470 1447 4523 13,
1491 4470 1570 4510 10.
1635 4481 1691 4489 —
1761 4452 1826 4522 ιο)
1866 4451 2029 4510 Cass,
2070 4452 2198 4508 Dio,
2236 4454 2326 4521 62,
2365 4470 2414 4525 7.
