3467 5350
1609 628 2095 679 *122*

679 811 1132 893 amiserantl).
1240 811 1309 873 A
1370 810 1618 895 piratis
1673 814 1801 873 aut
1855 808 2227 873 latronibus
2285 809 2468 893 capti
2521 807 2719 872 liberi
2756 815 3025 893 perma-

680 919 934 1003 nent2).
1040 918 1183 1001 Qui
1219 940 1262 981 a
1309 916 1680 981 latronibus
1746 921 1978 1001 captus
2042 921 2157 988 est,
2217 937 2455 979 servus
2501 916 2841 979 latronum
2890 937 3027 978 non

682 1030 796 1097 est,
868 1046 992 1089 nec
1055 1024 1552 1109 postliminium
1627 1023 1738 1088 illi
1801 1022 2251 1087 necessarium
2323 1027 2433 1086 est.
2544 1024 2610 1086 A
2624 1022 2658 1083 b
2735 1022 3029 1086 hostibus

679 1136 905 1194 autem
970 1136 1222 1216 captus,
1285 1136 1368 1194 ut
1411 1136 1588 1216 puta
1652 1152 1694 1193 a
1766 1129 2128 1194 Germanis
2190 1134 2258 1193 et
2312 1128 2609 1200 Parthis,
2675 1134 2743 1192 et
2792 1150 3030 1193 servus

682 1243 783 1302 est
848 1237 1136 1302 hostium
1212 1243 1280 1301 et
1334 1237 1750 1323 postliminio
1822 1242 2072 1301 statum
2136 1236 2511 1321 pristinum
2591 1226 2945 1320 recuperat
2954 1237 3027 1317 3).

680 1341 822 1412 Sed
892 1345 1304 1430 postliminii
1375 1345 1482 1408 ius
1560 1344 1868 1429 competit
1943 1349 2069 1408 aut
2141 1344 2211 1408 in
2287 1343 2448 1406 bello
2523 1348 2650 1406 aut
2711 1344 2784 1406 in
2841 1351 3028 1428 pace.

679 1454 767 1515 In
819 1452 998 1524 bello,
1067 1474 1216 1516 cum
1266 1452 1357 1524 hi,
1428 1452 1553 1536 qui
1587 1452 1773 1516 nobis
1820 1452 2037 1515 hostes
2079 1455 2262 1523 sunt,
2311 1451 2604 1535 aliquem
2652 1472 2738 1514 ex
2784 1451 3031 1514 nostris

682 1565 1004 1644 ceperunt
1047 1564 1115 1623 et
1157 1560 1341 1623 intra
1376 1559 1722 1644 praesidia
1767 1580 1894 1622 sua
1930 1559 2457 1643 perduxerunt:
2507 1580 2667 1621 nam
2713 1557 2781 1621 si
2804 1558 3027 1621 eodem

684 1666 845 1729 bello
906 1666 959 1729 is
1023 1687 1331 1730 reversus
1352 1666 1602 1751 fuerit,
1650 1665 2148 1751 postliminium
2210 1664 2424 1733 habet.
2492 1665 2570 1728 id
2610 1670 2710 1728 est
2739 1664 3030 1749 perinde

680 1774 906 1837 omnia
970 1772 1431 1837 restituuntur
1489 1773 1556 1836 ei
1609 1772 1784 1845 iura,
1851 1795 1930 1836 ac
1987 1773 2055 1836 si
2104 1777 2337 1857 captus
2392 1771 2473 1835 ab
2535 1772 2830 1835 hostibus
2889 1792 3028 1833 non

682 1884 863 1944 esset.
955 1880 1351 1964 Antequam
1415 1880 1489 1943 iu
1536 1880 1884 1965 praesidia
1936 1880 2364 1964 perducatur
2421 1878 2734 1950 hostium,
2803 1882 3035 1942 manet

682 1986 842 2050 civis
860 2011 885 2048 .·
951 1991 1116 2050 tunc
1179 1993 1403 2051 autem
1469 2008 1779 2050 reversus
1837 1985 2274 2070 intellegitur,
2339 1985 2407 2048 si
2456 1990 2583 2049 aut
2637 1986 2734 2048 aa'
2785 1984 3031 2048 amicos

681 2098 940 2157 nostros
973 2094 1336 2178 perveniat
1385 2099 1511 2157 aut
1554 2094 1738 2157 intra
1773 2093 2121 2178 praesidia
2167 2098 2395 2157 nostra
2442 2114 2581 2156 esse
2627 2091 2848 2176 coepit.
2938 2093 3026 2154 In

669 2208 841 2285 pace
872 2219 1131 2285 quoque
1147 2200 1642 2286 postliminium
1691 2201 1924 2264 datum
1975 2205 2106 2264 est:
2154 2198 2313 2263 nam
2358 2199 2427 2263 si
2465 2221 2617 2264 cum
2656 2204 2863 2283 gente
2906 2198 3029 2261 ali-

684 2329 815 2391 qua
844 2329 1062 2392 neque
1091 2307 1452 2371 amicitiam
1487 2329 1705 2392 neque
1748 2307 2109 2392 hospitium
2158 2328 2378 2392 neque
2397 2306 2655 2391 foedus
2698 2304 3031 2368 amicitiae

683 2436 884 2478 causa
915 2415 1189 2500 factum
1257 2413 1596 2487 habemus,
1664 2414 1745 2478 hi
1796 2414 2013 2478 hostes
2074 2413 2339 2497 quidem
2403 2434 2539 2476 non
2599 2417 2782 2484 sunt,
2857 2412 3038 2495 quod

679 2525 906 2584 autem
956 2542 1043 2584 ex
1090 2526 1315 2585 nostro
1360 2521 1456 2584 aa'
1495 2543 1601 2585 eos
1637 2521 1972 2606 pervenit,
2037 2521 2306 2584 illorum
2333 2521 2453 2605 fit,
2518 2525 2586 2583 et
2628 2516 2794 2582 liber
2837 2518 3029 2580 homo

683 2633 909 2692 noster
951 2626 1033 2691 ab
1081 2628 1175 2691 eis
1221 2633 1454 2713 captus
1498 2649 1736 2693 servus
1757 2629 1864 2714 fit
1905 2626 2067 2714 [et]
2114 2649 2380 2692 eorum:
2451 2626 2760 2711 idemque
2807 2629 2922 2697 est,
2969 2625 3037 2689 si

681 2734 764 2797 ab
825 2733 959 2797 illis
1019 2735 1117 2797 aa'
1174 2756 1293 2798 nos
1355 2735 1623 2820 aliquid
1666 2736 2065 2820 perveniat:
2125 2735 2243 2798 hoc
2292 2756 2551 2819 quoque
2597 2731 2813 2818 igitur
2871 2753 3028 2796 casu

672 2841 1166 2926 postliminium
1216 2842 1449 2904 datum
1498 2847 1600 2906 est
1612 2842 1682 2921 4).

900 2944 1075 3012 Huic
1139 2947 1295 3014 loco
1358 2968 1486 3035 par
1545 2958 1650 3015 est
1713 2948 1801 3015 de
1848 2945 2263 3036 postliminio
2316 2968 2424 3014 me
2474 2968 2610 3014 non
2663 2945 3028 3027 disserere,

685 3052 810 3121 nisi
880 3065 1210 3140 quantum
1279 3053 1572 3143 pertinet
1638 3054 1724 3123 ad
1778 3053 2094 3143 captivos
2140 3053 2353 3142 ipsos.
2449 3053 2687 3142 Atque
2736 3052 3028 3142 primurn

685 3158 960 3248 quidem
1008 3159 1076 3227 id
1122 3160 1468 3228 admoneo
1517 3161 1867 3250 captivum
1919 3183 1992 3228 re
2038 3183 2210 3228 vera
2258 3182 2549 3229 necesse
2596 3182 2755 3227 esse
2804 3158 2867 3226 in
2916 3180 3032 3246 po·

683 3278 999 3334 testatem
1029 3267 1329 3334 hostium
1364 3267 1676 3336 venisse:
1724 3275 2091 3354 antequam
2121 3271 2194 3333 in
2214 3270 2562 3355 praesidia
2590 3269 3032 3354 perducatur,

684 3379 916 3439 manet
960 3375 1203 3457 avisb).
1299 3374 1614 3454 Accedit,
1682 3374 1871 3462 quod
1919 3373 1977 3441 is
2025 3385 2213 3443 caret
2261 3375 2406 3442 iure
2456 3372 2866 3462 postliminii,
2918 3371 3033 3458 qui

684 3502 760 3548 se
823 3480 1002 3546 ultro
1067 3480 1382 3547 hostibus
1444 3482 1707 3549 dedidit
1768 3495 1885 3550 aut
1950 3504 2120 3549 suos
2185 3481 2581 3570 relinquens
2648 3478 3036 3566 transfugit.

685 3585 1115 3654 Necessitate
1152 3587 1306 3655 belli
1338 3587 1403 3655 in
1437 3588 1900 3678 captivitatem
1951 3589 2249 3656 hostium
2290 3590 2597 3656 venisset
2645 3585 3036 3675 oportebat.

684 3692 923 3782 Itaque
985 3698 1382 3780 transfugae
1427 3698 1697 3762 nullum
1734 3698 2232 3782 postliminium
2281 3702 2382 3760 est
2397 3720 2425 3765 ,·
2491 3718 2651 3760 nam
2702 3695 2825 3780 qui
2863 3693 3041 3757 malo

687 3801 957 3876 consilio
985 3807 1054 3865 et
1082 3803 1450 3887 proditoris
1480 3804 1708 3868 animo
1743 3805 2043 3889 patriam
2075 3804 2368 3889 reliquit,
2419 3803 2710 3867 hostium
2759 3822 3044 3866 numero

684 3908 1033 3972 habendus
1080 3914 1182 3973 est
1198 3907 1264 3996 ⁰).
1359 3911 1507 3974 Sed
1547 3911 1668 3974 hoc
1713 3911 1786 3973 in
1836 3911 2037 3974 libero
2085 3911 2445 3995 tranffuga
2492 3910 2665 3973 iuris
2725 3912 2841 3987 est,
2902 3908 3044 3971 sive

682 4015 960 4102 femina
1000 4016 1142 4079 sive
1203 4017 1546 4080 masculus
1603 4016 1706 4081 sit.
1799 4018 1892 4080 Si
1947 4039 2102 4081 vero
2163 4039 2401 4081 servus
2463 4014 2913 4101 transfugerit
2953 4014 3053 4076 ad

684 4123 919 4195 hostes,
994 4122 1333 4208 quoniam,
1413 4127 1482 4186 et
1536 4145 1688 4188 cum
1753 4146 1911 4187 casu
1976 4129 2205 4209 captus
2268 4128 2383 4196 est,
2450 4123 2763 4188 dominus
2827 4121 2899 4184 in
2970 4142 3045 4183 eo

910 4272 948 4349 ι’)
988 4280 1121 4352 Dig·
1159 4298 1247 4352 49,
1290 4298 1372 4351 15,
1410 4298 1497 4349 21,
1541 4299 1664 4337 1.-
1688 4281 1730 4350 ²)
1771 4281 1902 4353 Dig·
1940 4299 2027 4353 49,
2071 4298 2153 4352 15,
2195 4299 2278 4352 19,
2316 4281 2515 4351 2·—⁸)
2555 4281 2793 4353 1)ἰε·49,
2836 4296 2917 4351 15,
2956 4297 3046 4349 24·

689 4371 734 4439 ⁴)
774 4370 905 4442 Dig·
962 4387 1049 4440 49,
1111 4386 1193 4440 15,
1249 4387 1300 4440 5,
1360 4372 1479 4439 1125
1555 4385 1624 4442 ef.
1680 4382 1847 4437 Hase
1903 4388 1959 4442 p·
1999 4375 2227 4438 26-41-
2305 4404 2358 4411 -
2436 4371 2479 4441 8)
2518 4370 2649 4442 Dig·
2707 4387 2793 4441 49,
2855 4385 2936 4440 15,
2994 4385 3047 4440 5,

688 4478 734 4517 1·
786 4494 839 4500 -
887 4459 931 4530 ⁸)
970 4458 1103 4530 Dig.
1130 4477 1217 4530 49,
1252 4475 1336 4530 15,
1366 4477 1448 4529 19,
1475 4477 1527 4529 4·
