3467 5350
1341 578 1787 645 -23-

388 776 528 818 sese
563 755 765 839 ferro
828 760 1030 839 atque
1072 755 1434 840 suspendio
1468 756 2002 840 peremerunffl).
2100 751 2208 820 De
2257 753 2495 822 Raetis
2542 754 2748 844 scrip-

391 872 536 927 tum
604 858 810 926 video
875 858 1303 927 interfecisse
1364 882 1491 927 eos
1559 882 1695 926 non
1761 862 1995 941 modo,
2062 858 2395 949 quidquid
2466 860 2748 928 masculi

392 988 605 1034 sexus
698 966 874 1033 inter
953 970 1270 1056 captivos
1363 966 1497 1034 iam
1577 979 1882 1034 exstaret
1974 979 2238 1050 natum,
2325 967 2452 1035 sed
2545 967 2748 1035 etiam

394 1073 459 1140 in
526 1073 882 1141 mulierum
949 1074 1162 1141 uteris
1209 1097 1335 1163 per
1381 1073 1839 1142 divinationes
1890 1075 2231 1164 quasdam
2280 1076 2751 1164 deprehende·

395 1193 584 1248 retur
602 1184 669 1264 2).

609 1305 955 1373 Revertar
1004 1307 1091 1374 ad
1141 1307 1522 1374 Romanos.
1617 1306 1765 1375 Sed
1823 1329 1978 1375 cum
2036 1330 2151 1375 res
2214 1308 2306 1375 ita
2353 1331 2430 1376 se
2479 1308 2752 1388 habeat,

397 1425 470 1480 ut
544 1414 864 1502 exempla
937 1414 1150 1482 modo
1229 1426 1773 1483 commemorata
1864 1414 2146 1497 docent,
2226 1415 2429 1483 etiam
2512 1437 2751 1482 conce-

397 1520 698 1588 dendum
772 1532 878 1588 est
948 1521 1103 1589 talia
1170 1544 1547 1611 numquam
1618 1521 1801 1589 facta
1876 1545 2053 1603 esse,
2128 1521 2255 1590 nisi
2325 1521 2569 1590 milites
2643 1523 2754 1589 vel

399 1626 802 1696 crudelitate
864 1629 1163 1696 hostium
1224 1630 1519 1698 lacessiti
1565 1630 1678 1697 vel
1740 1629 1970 1717 longis
2032 1629 2387 1697 laboribus
2435 1628 2593 1696 belli
2641 1629 2754 1696 de-

397 1734 658 1822 fatigati
732 1735 974 1825 iraque
1051 1736 1372 1804 stimulati
1449 1751 1645 1805 erant
1666 1741 1718 1818 3)
1797 1749 1914 1804 aut
1990 1736 2220 1804 odium
2300 1747 2756 1826 susceperant

398 1844 510 1910 vel
558 1843 624 1909 in
657 1843 954 1911 Iudaeos
978 1847 1028 1925 4)
1078 1856 1194 1912 aut
1242 1847 1484 1913 hostes
1532 1867 1804 1913 summa
1854 1843 2228 1935 pertinacia
2275 1865 2519 1911 omnes
2568 1866 2759 1911 recu-

399 1963 730 2017 saverant
785 1949 976 2039 pacis
1039 1952 1482 2020 condiciones
1546 1953 1727 2019 ultro
1801 1952 2069 2020 oblatas
2088 1955 2156 2036 5).
2264 1949 2633 2032 SamniteS,
2698 1950 2758 2019 si

401 2054 598 2123 Livio
678 2057 967 2123 credere
1061 2057 1243 2140 licet,
1336 2060 1423 2127 ad
1496 2071 1753 2126 tantam
1841 2057 2316 2128 crudelitatem
2399 2079 2756 2146 processe·

402 2175 581 2243 runt,
631 2175 705 2230 ut
754 2161 1022 2243 Cluvia,
1073 2166 1419 2255 praesidio
1467 2165 1812 2247 RomanO,
1862 2166 2157 2233 obsessa
2206 2177 2413 2252 atque
2460 2164 2525 2230 in
2576 2163 2759 2231 dedi-

405 2268 658 2336 tionem
708 2282 995 2359 accepta
1030 2265 1302 2336 deditos
1353 2263 1764 2331 verberibus
1812 2263 2091 2330 foedum
2139 2263 2202 2329 in
2255 2263 2542 2330 modum
2590 2265 2760 2329 lace-

406 2388 597 2445 ratos
647 2375 1130 2461 occiderentss).
1227 2371 1584 2453 Nimirum,
1639 2371 1828 2459 quod
1873 2368 2030 2437 huic
2078 2369 2459 2437 crudelitati
2517 2369 2759 2437 infensi

404 2482 701 2550 Romani
765 2507 973 2573 quam
1036 2482 1391 2551 celerrime
1454 2479 1771 2548 Cluviam
1837 2477 1904 2545 vi
1977 2490 2309 2566 ceperunt
2375 2500 2761 2566 omnesque

404 2592 706 2681 puberes
755 2592 1245 2660 interfecerunt
1268 2594 1333 2672 7).
1430 2590 1669 2675 Atque
1717 2607 2066 2654 summurn
2116 2597 2265 2653 erat
2314 2585 2546 2653 odium
2604 2581 2763 2650 mili-

403 2699 606 2782 tibus,
656 2723 811 2768 cum
861 2701 1253 2768 bellandum
1302 2709 1490 2766 esset
1537 2706 1780 2763 contra
1822 2717 1968 2777 eos,
2019 2694 2135 2782 qui
2185 2692 2459 2782 saepius
2503 2690 2760 2759 defece·

406 2819 560 2874 rant
580 2808 646 2895 ⁸).
755 2807 1051 2875 Ratione
1131 2807 1286 2874 belli
1362 2803 1760 2872 defenditur
1837 2801 2273 2871 consuetudo
2353 2822 2492 2867 non
2572 2798 2764 2866 aliter

408 2914 928 2982 cruentissimos
996 2915 1233 2981 hostes
1283 2934 1492 3000 quarn
1541 2910 1687 2978 suis
1734 2908 2048 2976 moribus
2098 2906 2426 2975 domandi
2446 2909 2520 2993 9).
2615 2905 2762 2974 Sed

408 3020 614 3088 foeda
658 3021 716 3087 si
764 3021 1083 3110 exempla
1131 3017 1551 3087 crudelitatis
1598 3017 2007 3096 edebantur,
2059 3014 2257 3104 culpa
2306 3037 2443 3081 non
2493 3014 2766 3082 solebat

410 3127 700 3195 attinere
748 3129 962 3195 duces
1008 3127 1510 3194 Romanorum.
1574 3123 1792 3191 Immo
1843 3145 2015 3189 vero
2066 3121 2142 3189 iis
2191 3122 2334 3189 fere
2373 3134 2521 3189 erat
2557 3143 2764 3189 curae

409 3234 706 3303 retinere
752 3233 999 3302 milites
1062 3235 1149 3301 ab
1215 3231 1497 3300 innoxio
1559 3230 1898 3318 sanguine
1947 3241 2016 3297 et
2061 3228 2301 3297 edictis
2350 3241 2506 3297 ante
2555 3251 2766 3318 oppu-

629 3503 667 3569 ¹)
719 3503 890 3558 OrOS.
930 3521 980 3574 5,
1025 3503 1105 3572 16,
1150 3519 1230 3571 13.

625 3591 665 3658 ²)
722 3593 886 3648 Cass
927 3591 1056 3646 Dio,
1100 3608 1185 3662 54,
1226 3609 1312 3645 22.

627 3681 666 3748 8)
721 3682 849 3737 Liv·
881 3698 932 3751 9,
977 3698 1057 3752 14,
1095 3681 1246 3750 9111;
1303 3697 1355 3750 9,
1401 3682 1487 3748 26,
1527 3679 1642 3749 214,
1699 3696 1754 3749 9,
1794 3695 1879 3749 31,
1919 3677 2034 3748 2Ι3;
2093 3696 2177 3748 24,
2218 3681 2303 3748 38,
2340 3695 2403 3748 9;
2459 3696 2545 3748 24,
2580 3695 2666 3747 39,
2705 3679 2765 3745 6;

412 3772 482 3828 Cf·
522 3791 606 3842 24,
647 3788 733 3842 37,
777 3788 832 3841 13
874 3789 959 3841 24,
1002 3774 1087 3840 38,
1128 3789 1187 3841 45
1229 3770 1397 3827 caes·
1438 3771 1492 3824 b·
1535 3769 1601 3825 G·
1642 3787 1692 3840 75
1733 3770 1818 3837 28,
1858 3786 1918 3839 53
1970 3786 2018 3839 7,
2060 3786 2145 3840 47,
2183 3785 2243 3838 55
2303 3768 2467 3824 cass·
2509 3768 2635 3823 Dio-
2678 3784 2765 3836 40,

412 3878 498 3932 34>
575 3880 627 3932 4·

625 3949 669 4018 ⁴)
723 3950 954 4020 Ioseph.
994 3950 1047 4004 b.
1090 3949 1130 4004 Ι.
1170 3967 1220 4020 3,

1170 4041 1206 4093 6

628 4037 668 4107 ⁵)
723 4039 951 4111 Ioseph.
991 4041 1046 4094 b.
1089 4038 1131 4094 Ι.

628 4126 672 4195 ⁸)
732 4128 855 4183 Liv-
893 4146 944 4198 9,
983 4145 1069 4198 31,
1111 4129 1202 4199 213

631 4215 670 4284 ⁷)
721 4216 848 4271 Liv-
886 4234 937 4286 9,
976 4234 1062 4287 31,
1101 4235 1151 4287 3·

1260 3968 1309 4020 7,
1356 3967 1400 4003 Ι.

1207 4082 1222 4108 ,
1261 4041 1311 4108 6,
1351 4056 1403 4109 3·

630 4304 671 4373 ⁸)
727 4305 848 4361 Liv.
891 4309 976 4373 28,
1017 4324 1103 4376 20,
1141 4310 1201 4376 6;
1243 4306 1495 4379 Appian.
1543 4308 1620 4363 Ib.
1661 4326 1757 4379 325
1796 4308 1949 4379 lllryr.
1995 4309 2083 4375 163
2123 4305 2316 4363 Mithr.
2354 4307 2437 4376 38.

630 4395 673 4464 ⁹)
728 4395 770 4450 F
776 4396 879 4452 lor.
919 4413 969 4467 3,
1009 4415 1058 4466 4,
1106 4413 1153 4467 7.
