3467 5350
1627 535 2029 602 -6-

645 730 1126 814 intermittitur,
1193 732 1380 820 quod
1450 731 1600 800 iure
1648 732 1831 799 *beni
1869 724 2300 814 fflesthditur,
2365 733 2491 800 sed
2541 732 2808 801 ratione
2856 731 3013 800 belli

645 839 923 907 salubre
960 862 1098 906 non
1141 839 1433 907 videtur.
1530 838 1746 925 Quod
1785 852 1862 907 'ut
1901 840 2401 921 demonstrem,
2453 840 2847 930 exemplum
2889 839 3004 907 fin·

645 968 814 1034 gere
846 944 1062 1014 liceat.
1137 945 1676 1015 Crudelissimus
1706 946 2002 1036 quisque
2055 946 2199 1014 dux
2249 946 2509 1036 oppido
2544 946 2608 1015 vi
2647 969 3008 1036 expugna-

645 1065 716 1120 to
783 1053 976 1121 victis
1033 1074 1325 1142 parcere
1374 1054 1795 1142 veniamque
1870 1055 2037 1121 dare
2086 1065 2334 1143 potest,
2400 1054 2562 1142 quia
2609 1055 2742 1123 hoc
2790 1055 3004 1123 modo

642 1173 710 1229 et
765 1162 930 1229 alias
994 1163 1210 1230 urbes
1270 1184 1349 1231 se
1397 1162 1483 1229 ad
1535 1160 1953 1229 deditionem
2018 1161 2350 1250 perlicere
2397 1184 2611 1251 posse
2657 1171 2873 1251 putat,
2928 1203 3004 1213 --

644 1269 830 1357 quod
882 1292 957 1336 re
1006 1292 1183 1336 vera
1232 1269 1511 1358 saepius
1558 1268 1770 1336 fiebat
1814 1310 1877 1317 -
1923 1291 2078 1336 cum
2128 1268 2277 1336 iure
2326 1270 2477 1337 belli
2531 1268 3003 1338 crudelissime

643 1376 708 1442 in
744 1398 868 1444 eos
902 1376 1467 1444 animadvertere
1501 1375 1742 1465 possit.
1839 1375 2002 1461 Quo
2037 1376 2358 1466 exemplo
2391 1374 2812 1460 instruimur,
2864 1399 3005 1465 quo

644 1484 857 1550 modo
907 1482 1082 1551 inter
1140 1506 1217 1551 se
1250 1483 1571 1551 differant
1618 1482 1754 1551 ius
1803 1483 2019 1551 belli
2070 1495 2138 1551 et
2183 1483 2410 1552 ratio
2461 1484 2691 1551 belli.
2771 1483 3007 1576 Atque

641 1590 819 1658 hanc
868 1588 1002 1658 iam
1053 1591 1237 1680 apud
1268 1590 1650 1673 Romanos,
1702 1591 1838 1679 qui,
1890 1603 1962 1658 ut
2011 1591 2250 1659 Livius
2299 1591 2458 1659 dicit
2483 1597 2553 1673 1),
2623 1591 2779 1660 belli
2830 1592 3008 1660 sicut

640 1696 831 1786 pacis
879 1696 1027 1765 iura
1076 1720 1216 1765 non
1272 1698 1497 1767 minus
1547 1697 1723 1766 iuste
1774 1721 1980 1787 quam
2015 1698 2281 1766 fortiter
2314 1698 2695 1768 didicerant
2730 1720 3002 1787 gerere,

642 1827 866 1893 aeque
900 1827 980 1872 ac
1017 1817 1257 1875 nostra
1290 1817 1515 1873 aetate
1544 1806 2021 1895 praevaluisse
2052 1805 2111 1889 ii,
2165 1805 2280 1895 qui
2310 1805 2559 1873 acriter
2590 1805 3000 1894 integreque

642 1909 945 1981 iudicant
990 1913 1077 1979 de
1125 1912 1414 1981 historia
1444 1911 1784 1994 Romana,
1835 1901 1972 1980 non
2020 1914 2397 2001 negabunt.
2479 1913 2593 1980 Ius
2628 1913 2783 1980 belli
2818 1914 2998 2002 apud

642 2019 1003 2087 Romanos
1048 2019 1289 2088 litteris
1346 2020 1749 2089 mandatum
1800 2043 1937 2088 non
1989 2032 2155 2088 erat.
2236 2019 2383 2090 Sed
2432 2020 2619 2091 notio
2651 2019 2815 2088 iuris
2850 2020 3005 2089 belli

642 2126 884 2196 animis
931 2139 1078 2195 erat
1125 2127 1472 2217 impressa
1499 2130 1570 2211 2).

855 2233 1002 2304 Sed
1069 2235 1216 2303 fieri
1287 2236 1599 2325 potuisse
1666 2237 1851 2305 haud
1920 2237 2193 2326 ignoro,
2262 2250 2336 2305 ut
2398 2238 2614 2305 duces
2662 2236 2892 2305 multis
2938 2248 3007 2304 et

641 2341 852 2410 variis
899 2342 1127 2411 causis
1179 2342 1401 2411 coacti
1453 2344 1790 2413 rationem
1831 2367 2114 2435 quoque
2156 2346 2312 2413 belli
2347 2344 2760 2426 omitterent,
2810 2343 3004 2411 cuius

641 2450 736 2517 rei
789 2449 1242 2518 clarissimum
1301 2451 1504 2519 nobis
1553 2453 1843 2541 praebet
1883 2452 2273 2542 exemplum
2323 2450 2610 2520 Tacitus
2633 2454 2714 2536 ²³):

862 2557 1089 2625 Civilis
1145 2566 1209 2625 et
1251 2557 1596 2625 Classicus
1643 2558 1845 2626 rebus
1891 2559 2207 2626 secundis
2242 2558 2511 2642 sublati,
2548 2582 2640 2627 an
2672 2560 3005 2627 coloniam

642 2665 1146 2755 Agrippinen&
1160 2689 1228 2733 m
1259 2665 1715 2754 diripiendam
1749 2664 2141 2737 exercitibus
2168 2667 2316 2734 suis
2349 2667 2838 2755 permitterent,
2887 2666 3005 2734 du·

638 2771 972 2850 bitavere,·
1033 2775 1336 2841 saevitia
1384 2774 1653 2862 ingenii
1694 2782 1759 2840 et
1821 2774 2127 2861 cupidine
2174 2774 2485 2862 praedae
2533 2774 2633 2841 ad
2674 2774 3006 2841 excidium

869 2973 885 3010 1
1162 2976 1214 3029 6,
2423 3031 2426 3032 γ

869 2974 914 3131 ²}
949 2990 1299 3117 zozyduris
1347 3061 1517 3117 belli
1556 3062 1908 3134 saepissime
1947 3061 2156 3118 usitata
2195 3071 2286 3117 est
2323 3062 2481 3134 apud
2519 3062 2837 3133 scriptores
2876 3061 3014 3116 anti·

644 3150 900 3223 quitatis:
942 3152 1064 3207 Liv.
1105 3170 1154 3221 2,
1200 3169 1279 3221 12,
1325 3170 1417 3222 14,
1460 3170 1510 3223 5,
1555 3170 1640 3224 27,
1679 3155 1745 3220 6,
1784 3170 1870 3222 21,
1914 3169 1995 3223 13,
2033 3154 2093 3221 8,
2134 3170 2219 3223 24,
2258 3170 2344 3222 33,
2383 3170 2446 3223 3,
2485 3169 2571 3222 25,
2598 3169 2685 3222 40,
2712 3168 2771 3221 2,
2811 3153 2897 3219 26,
2927 3169 3012 3218 21,

643 3258 735 3309 123
776 3242 860 3309 26,
892 3258 977 3310 3τ,
1017 3258 1078 3311 93
1118 3258 1203 3310 313
1243 3258 1328 3311 3ο,
1371 3259 1430 3309 2;
1473 3258 1559 3312 32,
1594 3259 1681 3313 34,
1726 3258 1815 3312 133
1854 3259 1941 3312 33,
1987 3243 2165 3312 Ι3,.8,
2204 3258 2290 3311 33,
2328 3259 2415 3312 40,
2456 3259 2513 3312 43
2553 3258 2639 3312 34,
2669 3243 2756 3310 58,
2791 3257 2883 3309 103
2923 3243 3011 3310 38,

641 3347 727 3400 34,
768 3347 825 3402 73
865 3334 951 3400 38,
996 3334 1083 3400 38,
1136 3334 1228 3400 163
1266 3347 1351 3401 39,
1391 3348 1477 3401 29,
1517 3348 1577 3399 23
1616 3348 1702 3401 39,
1742 3351 1793 3402 4,
1838 3348 1928 3402 133
1966 3348 2053 3402 39,
2092 3334 2179 3401 36,
2223 3347 2314 3397 123
2353 3347 2438 3400 42,
2480 3346 2565 3398 21,
2592 3346 2651 3399 3;
2690 3347 2776 3399 42,
2803 3346 2890 3398 24,
2922 3345 3012 3395 103

642 3420 794 3475 Flor·
833 3438 884 3487 ²²
933 3423 985 3490 8»
1032 3423 1093 3490 63
1172 3438 1222 3491 3,
1283 3438 1333 3491 5,
1390 3439 1479 3490 143
1553 3439 1603 3492 3»
1658 3438 1740 3491 19,
1790 3424 1850 3489 63
1916 3436 1966 3490 37
2017 3437 2102 3489 21,
2152 3422 2253 3487 ²83
2315 3436 2366 3489 35
2417 3435 2502 3487 23,
2553 3434 2613 3488 33
2676 3438 2726 3488 4,
2782 3435 2864 3486 12,
2916 3435 3012 3487 523

641 3509 772 3565 bell.
811 3509 993 3564 Afric.
1033 3528 1134 3581 45,
1198 3510 1366 3566 Caes.
1406 3510 1460 3564 b.
1502 3510 1554 3566 G
1614 3529 1661 3579 1,
1709 3513 1797 3580 36,
1853 3526 1906 3579 1,
1960 3526 2003 3578 1,
2055 3527 2141 3578 44,
2192 3525 2251 3575 2,
2290 3525 2340 3579 7,
2391 3526 2477 3577 41,
2533 3524 2588 3574 1,
2639 3505 2754 3561 Cic.
2795 3523 2919 3575 rep.
2958 3522 3009 3573 2,

642 3614 837 3670 31,,5,
888 3615 949 3668 3,
1005 3599 1118 3670 leg.
1165 3617 1215 3669 2,
1265 3616 1362 3669 34,
1403 3599 1498 3654 off.
1542 3617 1586 3669 1,
1638 3616 1734 3670 34,
1784 3615 1834 3668 3,
1878 3615 2005 3668 107,
2063 3597 2290 3652 Iordan.
2331 3595 2459 3651 Get.
2501 3598 2587 3666 56,
2626 3597 2760 3663 286,
2818 3593 3010 3648 Iustin.

643 3687 778 3758 epit.
817 3705 904 3757 31,
947 3707 992 3758 1,
1033 3706 1096 3759 3,
1152 3688 1289 3744 Sall.
1330 3689 1446 3760 Iug.
1484 3706 1571 3759 91,
1613 3706 1669 3760 7;
1714 3705 1830 3758 102,
1874 3704 1967 3758 13,
2007 3686 2175 3743 Serv.
2215 3687 2291 3741 ad
2317 3686 2495 3756 Verg.
2533 3683 2782 3739 Aeneid.
2822 3700 2876 3753 9,
2913 3699 3009 3753 53;

642 3776 882 3833 Sueton.
914 3780 1062 3849 Aug.
1105 3782 1203 3850 48,
1248 3779 1429 3834 Tacit.
1458 3796 1587 3835 ann.
1632 3794 1712 3847 12,
1757 3795 1850 3850 17,
1888 3778 1994 3832 fas
2032 3792 2416 3832 armorum:
2456 3774 2641 3829 Tacit.
2670 3773 2800 3829 hist.
2838 3792 2889 3843 4,
2915 3774 3010 3842 58,

674 3885 751 3923 us
807 3879 1201 3925 armorum:
1261 3869 1475 3940 Veget.
1518 3886 1566 3937 1,
1609 3886 1664 3936 1,
1703 3867 1794 3922 ius
1833 3866 2102 3923 victoris:
2157 3866 2313 3921 Flor.
2352 3882 2404 3936 3,
2444 3882 2493 3936 7,
2532 3864 2595 3933 6,
2654 3865 2775 3919 lex
2812 3861 3010 3917 belli:

631 3957 768 4027 ‚Cic.
808 3976 917 4030 pro
956 3958 1210 4015 Deiotar.
1250 3976 1344 4029 25;
1400 3957 1456 4013 in
1495 3959 1745 4014 Verrem
1791 3976 1837 4026 1,
1876 3975 1976 4029 57;
2035 3972 2183 4012 mos
2231 3954 2430 4024 belli,
2481 3953 2586 4009 ius
2635 3952 3008 4009 victoriae:

648 4046 763 4102 Cic.
802 4047 859 4102 in
900 4046 1157 4102 Verrem
1197 4067 1246 4118 4,
1291 4049 1416 4116 116;
1455 4045 1674 4118 πολέμου
1711 4046 1892 4118 νόμοςς
1952 4045 2188 4118 Appian
2227 4045 2396 4100 Num.
2435 4060 2494 4114 3,
2563 4042 2731 4098 Diod.
2772 4043 2879 4113 frg.
2918 4045 3004 4112 38,

650 4154 735 4207 39,
774 4138 835 4205 8,
894 4136 1062 4192 Dion.
1102 4136 1234 4191 Hal.
1273 4153 1323 4206 3,
1362 4139 1422 4205 8,
1458 4139 1510 4206 6,
1549 4140 1643 4207 36,
1683 4136 1914 4208 Ioseph.
1956 4143 2072 4191 ant.
2115 4136 2236 4191 Iud.
2280 4135 2363 4204 14,
2408 4151 2488 4204 12,
2527 4151 2588 4201 2;
2627 4133 2763 4188 bell.
2802 4133 2920 4187 Iud.
2959 4149 3010 4201 3,

646 4228 696 4291 8,
735 4242 793 4295 5,
831 4228 884 4292 6,
924 4245 974 4296 4,
1013 4243 1074 4295 3,
1112 4228 1164 4293 6,
1202 4227 1253 4294 6,
1292 4242 1356 4295 3,
1395 4225 1600 4296 Polyb.
1620 4243 1671 4295 2,
1711 4227 1796 4295 58,
1841 4241 1930 4294 103
1970 4224 2076 4296 frg.
2100 4242 2149 4296 7,
2196 4242 2277 4295 14.
2316 4241 2375 4294 3,
2414 4222 2801 4298 χειρός-χειρῶν
2833 4221 3008 4294 νόμοςε

642 4314 808 4370 Dion.
850 4314 982 4370 Hal.
1022 4318 1072 4385 6,
1117 4317 1212 4382 26;
1250 4317 1301 4383 8,
1340 4332 1436 4383 2ο,
1477 4315 1683 4386 Polyb.
1729 4333 1774 4386 1,
1813 4318 1899 4384 82,
1939 4331 2000 4383 2,
2038 4332 2089 4386 2,
2128 4319 2215 4386 28,
2258 4332 2339 4370 16.

857 4402 898 4472 ⁸)
956 4404 1085 4460 hist.
1132 4425 1184 4476 4,
1222 4408 1310 4477 63.
