3467 5350
1774 591 2214 662 ...66-

821 787 1164 873 militibus,
1231 787 1588 878 captivi
1655 789 2017 860 fiebant
2083 793 2217 860 rei
2283 793 2816 883 publicae1).
2904 798 3038 868 Sed
3085 797 3133 867 si

818 912 1096 992 praeter
1160 921 1361 967 usum
1429 910 1637 986 atque
1700 899 2269 968 consuetudinem
2338 899 2660 972 militibus
2726 906 2964 995 captivi
3024 906 3137 996 ipsi

818 1009 1401 1089 concedebantur,
1464 1019 1538 1075 ut
1598 1007 1786 1076 servi
1833 1029 2074 1076 eorum
2127 1022 2384 1092 essent,
2448 1013 2826 1100 praemium
2878 1013 3139 1082 eximiae

815 1116 1230 1187 fortitudinis
1305 1126 1474 1183 erat.
1592 1114 1794 1201 Quae
1868 1127 2180 1205 potestas
2256 1117 2417 1204 quin
2493 1118 2652 1187 data
2718 1120 2914 1188 fuerit
2980 1122 3137 1204 duci,

815 1224 1099 1293 dubium
1135 1246 1271 1292 non
1310 1245 1467 1292 esse
1516 1225 1834 1311 potest2).
1928 1221 2388 1293 Sacramento
2439 1226 2631 1294 vetiti
2679 1241 2875 1296 erant
2920 1228 3141 1296 milites

815 1333 1061 1416 celare,
1096 1354 1277 1419 quae
1315 1343 1642 1420 caperent
1658 1333 1728 1413 ²³).
1800 1328 2223 1418 Tarquinius
2257 1331 2627 1423 Superbus
2660 1333 2921 1404 Suessa
2961 1346 3141 1423 capta

813 1461 1058 1507 omnes
1107 1450 1384 1528 praeter
1430 1450 1736 1507 armatos
1787 1460 1921 1505 una
1954 1461 2107 1506 curn
2155 1438 2442 1519 feminis,
2494 1440 2745 1527 liberis,
2794 1464 3141 1510 servorum

811 1545 1111 1614 maxima
1175 1558 1371 1635 parte
1437 1544 1759 1613 militibus
1826 1545 1890 1612 in
1959 1546 2289 1635 praedam
2358 1548 2795 1618 concessisse
2858 1548 3143 1632 fertur4).

810 1653 1112 1722 Marcius
1160 1652 1266 1721 ille
1298 1651 1738 1736 Coriolanus,
1787 1665 2161 1742 propterea
2209 1655 2399 1742 quod
2449 1654 2515 1723 in
2554 1655 2991 1725 Coriolorum
3040 1658 3145 1723 ob-

809 1761 1076 1829 sidione
1154 1773 1430 1850 praeter
1508 1773 1781 1829 ceteros
1853 1759 2203 1830 floruisset
2277 1784 2547 1831 summa
2628 1763 3038 1847 fortitudine,
3110 1786 3146 1832 a

809 1869 1094 1938 consule
1156 1868 1385 1936 iussus
1450 1890 1607 1935 esse
1668 1867 1917 1936 dicitur
1986 1891 2073 1935 ex
2135 1869 2319 1937 omni
2381 1873 2643 1961 praeda
2715 1872 2956 1940 decem
3025 1870 3148 1939 sibi

808 1976 1031 2065 capita
1101 1975 1425 2064 deligere,
1500 1987 1972 2065 antequam
2048 1977 2373 2065 praeda
2446 1978 2881 2047 militibus
2958 1978 3148 2046 divi-

805 2086 1231 2169 deretur0).
1327 2084 1537 2171 Quod
1588 2082 1872 2151 Fidenis
1939 2083 2187 2152 deletis
2254 2083 2574 2153 militibus
2635 2087 2722 2153 ab
2788 2085 3018 2173 equite
3066 2085 3148 2153 ad

805 2192 1278 2261 centurionem
1332 2190 1581 2279 singuli
1645 2203 1731 2274 et,
1786 2213 2081 2279 quorum
2133 2191 2379 2259 eximia
2431 2192 2651 2260 virtus
2714 2192 2954 2275 fuerat,
3018 2193 3148 2263 bini

803 2301 1055 2392 captivi
1102 2312 1293 2369 sorte
1342 2299 1528 2367 ducti
1575 2311 1739 2368 sunt
1788 2298 2122 2382 concessi,
2172 2300 2467 2367 maxime
2516 2312 2759 2368 contra
2790 2314 3151 2370 consuetu-

802 2409 1032 2476 dinem
1066 2420 1333 2497 pugnat
1353 2408 1420 2495 ⁰).
1520 2406 1724 2475 Bellis
1757 2405 2033 2475 Punicis
2065 2428 2357 2496 perraro
2394 2406 2631 2476 hostes
2671 2408 2850 2498 capti
2897 2408 3151 2477 fiebant

800 2515 1081 2583 militum
1131 2514 1613 2582 Romanorum
1639 2517 1704 2597 ⁷).
1802 2512 2062 2580 Eadem
2125 2512 2393 2580 ratione
2453 2513 2806 2602 singulare
2855 2514 3147 2599 videtur,

801 2622 989 2712 quod
1017 2620 1439 2690 Flamininus
1467 2622 1547 2710 (a.
1582 2642 1705 2709 197
1736 2643 1793 2688 a.
1825 2618 2019 2709 Chr.)
2047 2620 2360 2709 captivos
2394 2622 2869 2713 praedamque
2901 2623 3148 2714 partim

795 2728 1268 2810 venumdedit,
1296 2728 1542 2818 partim
1578 2727 1764 2795 militi
1800 2728 2146 2796 concessit
2163 2731 2234 2812 ⁸).
2307 2727 2573 2797 Caesar
2599 2752 2881 2818 quoque
2911 2732 3150 2801 Alesia

797 2849 997 2928 capta
1022 2836 1144 2905 toti
1172 2835 1502 2904 exercitui
1528 2835 1750 2925 capita
1774 2835 2048 2923 singula
2071 2836 2376 2924 praedae
2410 2836 2687 2904 nomine
2712 2836 3059 2907 distribuit
3078 2843 3147 2925 ⁹).

796 2946 1014 3015 Etiam
1080 2944 1262 3012 bello
1326 2953 1566 3012 contra
1621 2943 1998 3012 Bastarnas
2064 2954 2269 3029 gesto
2320 2951 2404 3024 (a.
2433 2965 2522 3031 29
2548 2966 2605 3011 a.
2636 2942 2831 3033 Chr.)
2896 2946 3151 3035 captivi

795 3053 972 3122 inter
1019 3051 1264 3120 milites
1316 3049 1515 3118 divisi
1565 3054 1841 3134 sunt¹⁰).
1935 3048 2080 3118 Sed
2130 3049 2332 3118 etiam
2381 3049 2635 3119 factum
2686 3064 2807 3135 est,
2859 3065 2931 3120 ut
2963 3075 3150 3122 man·

794 3160 965 3251 cipia
1002 3159 1195 3228 urbis
1242 3171 1683 3248 expugnatae
1733 3157 2054 3225 militibus
2099 3158 2672 3241 concederentur,
2725 3182 2878 3227 cum
2929 3159 3149 3230 libera

793 3290 1092 3357 corpora
1114 3266 1265 3334 iure
1290 3265 1445 3333 belli
1472 3265 2062 3333 venumdarentur
2083 3270 2178 3346 11).
2230 3263 2441 3332 Plane
2467 3266 2647 3333 aliud
2679 3268 2746 3333 in
2774 3266 3002 3333 animo
3028 3268 3149 3335 ha-

792 3375 937 3443 buit
971 3373 1051 3443 C.
1078 3374 1360 3442 Flavius
1386 3372 1706 3456 Fimbria,
1745 3372 1880 3460 qui,
1933 3383 2004 3439 ut
2039 3371 2319 3440 militum
2348 3372 2639 3460 gratiam
2675 3373 2803 3441 sibi
2831 3373 3145 3442 concilia-

789 3494 914 3566 ret,
965 3483 1063 3550 eis
1098 3481 1427 3571 permisit,
1477 3494 1552 3548 ut
1583 3502 1797 3569 agros
1832 3478 2181 3547 sociorum
2217 3479 2413 3568 quasi
2446 3481 2746 3549 hostium
2784 3493 3146 3550 vastarent

789 3604 998 3680 atque
1031 3589 1315 3657 obvium
1353 3610 1697 3677 quemque
1729 3587 1793 3654 in
1830 3586 2232 3655 servitutem
2270 3586 2666 3676 redigerent
2688 3592 2785 3673 ¹2).
2828 3588 2970 3656 Iam
3003 3611 3142 3657 me-

832 3894 851 3913 .
1007 3843 1047 3914 1)
1086 3842 1212 3898 Liv·
1250 3843 1302 3912 6,
1347 3860 1428 3912 13,
1468 3859 1526 3914 7;
1573 3859 1661 3912 23,
1699 3859 1786 3914 37,
1829 3860 1922 3913 12,
1979 3861 2065 3914 24,
2109 3846 2189 3913 16,
2229 3861 2292 3916 53
2330 3861 2416 3916 27,
2461 3862 2543 3914 19,
2582 3860 2642 3912 2,
2704 3841 2873 3898 Dion·
2910 3840 3043 3897 Hal.
3082 3858 3165 3910 3,.

784 3938 878 4008 563
918 3953 970 4007 5,
1008 3950 1103 4006 475
1166 3933 1350 3988 Tacit.
1372 3949 1504 3986 ann.
1549 3949 1631 4002 13,
1681 3949 1779 4003 395
1841 3932 2037 3987 Valer.
2078 3932 2231 3987 Max.
2270 3949 2321 4001 5,
2365 3950 2409 4001 1,
2450 3951 2482 4003 7
2496 3952 2511 4001 ;
2577 3932 2817 4005 Eutrop.
2857 3950 2906 4003 3,
2949 3931 3031 4001 16,
3070 3945 3104 3983 2
3117 3946 3136 3998 ;

786 4027 959 4082 Oros.
979 4044 1030 4096 4,
1073 4026 1154 4094 18,
1192 4039 1254 4094 55
1303 4022 1448 4078 Zon.
1487 4040 1537 4094 7,
1581 4039 1675 4093 133
1715 4022 1879 4077 Cass,
1919 4020 2048 4075 Dio,
2088 4038 2174 4090 37,
2212 4037 2299 4088 20,
2337 4037 2397 4090 4;
2436 4020 2585 4076 Plut.
2626 4021 2752 4076 Cat.
2783 4020 2916 4077 mai.
2960 4037 3042 4088 10,
3080 4035 3132 4090 7.

1000 4113 1041 4182 ²)
1079 4112 1248 4168 Dion.
1288 4112 1419 4167 Hal.
1459 4129 1510 4181 4,
1549 4130 1636 4182 24.
1682 4144 1738 4152 —
1787 4109 1829 4180 ⁸)
1869 4111 1937 4164 cf.
1978 4108 2124 4163 Gell.
2163 4107 2231 4160 N.
2273 4107 2344 4162 A.
2386 4108 2469 4176 16,
2509 4125 2561 4177 4,
2599 4127 2650 4162 2.

995 4203 1040 4273 ⁴)
1081 4201 1249 4257 Dion.
1276 4200 1411 4257 Hal.
1436 4220 1487 4272 4,
1507 4219 1592 4272 50.
1622 4233 1677 4241 -—
1706 4199 1748 4267 5)
1787 4198 1936 4254 Plut.
1965 4195 2174 4253 Coriol.
2207 4213 2286 4265 10,
2315 4212 2367 4263 13
2408 4194 2477 4250 cf.
2516 4194 2687 4249 Dion.
2715 4194 2845 4250 Hal.
2873 4196 2925 4265 6,
2951 4215 3039 4267 94.
3066 4229 3124 4238 -

782 4294 826 4364 ⁸)
866 4292 992 4348 Liv.
1031 4310 1083 4363 4,
1120 4309 1206 4361 34,
1245 4310 1294 4362 4.
1320 4324 1374 4331 —
1406 4289 1446 4359 ⁷)
1485 4289 1832 4346 Plut.Marc.
1877 4304 1957 4356 19,
1996 4301 2059 4357 43
2096 4283 2240 4338 Zon.
2266 4286 2318 4352 8,
2361 4302 2442 4339 11.
2471 4316 2526 4324 -
2555 4282 2598 4350 ⁸)
2641 4281 3123 4356 Liv.33,11,2.-—

781 4383 825 4452 ⁹)
866 4382 1036 4439 Caes,
1064 4382 1117 4436 b.
1147 4379 1215 4436 G.
1244 4398 1293 4451 7,
1319 4382 1405 4451 89,
1433 4398 1483 4450 4.
1519 4412 1575 4421 -·
1613 4378 1677 4446 ¹⁰)
1716 4376 1881 4432 Cass.
1910 4374 2038 4429 Dio.
2064 4391 2151 4445 51,
2178 4390 2264 4443 24,
2303 4390 2352 4446 7.
2382 4403 2436 4411 -
2474 4373 2540 4440 ¹¹)
2579 4370 2748 4426 Dion.
2776 4370 2909 4428 Hal.
2937 4390 2989 4443 9,
3029 4377 3100 4444 56
3110 4390 3129 4443 ;

777 4473 927 4528 Plut.
966 4471 1145 4526 Marc.
1188 4489 1270 4541 19,
1308 4487 1371 4540 43
1410 4469 1649 4524 Sueton.
1689 4466 1859 4521 CaeS.
1899 4466 1986 4520 26.
2030 4495 2087 4504 —
2136 4461 2205 4529 ¹²)
2245 4460 2414 4517 Diod.
2455 4459 2560 4532 srg.
2599 4459 2778 4530 38139,
2814 4463 2866 4516 8.
