3467 5350
1623 588 2111 635 -102-

691 786 852 833 esse
884 774 1226 853 putarent.
1317 766 1507 829 Nam
1557 764 1728 850 quid
1765 765 1887 829 hoc
1932 764 2273 850 triumpho
2306 765 2679 850 pulcrius?
2726 789 2855 853 quo
2901 789 3040 833 cae-

690 872 885 937 dibus
928 873 1219 937 hostium
1281 872 1505 936 utitur
1548 872 1750 937 etiam
1796 873 1895 936 ad
1932 878 2238 937 nostrum
2286 873 2588 936 omnium
2635 875 3040 960 voluptatem

690 985 758 1044 et
773 987 1091 1065 pompam
1124 1001 1488 1044 munerum
1522 980 1604 1044 de
1634 978 1938 1065 reliquiis·
1972 979 2351 1044 barbaricae
2395 980 2607 1045 cladis·
2651 987 3037 1067 exaggerat,

691 1092 951 1158 tantam
999 1087 1412 1172 captivorum
1477 1086 1984 1151 multitudinem
2049 1086 2268 1151 bestiis*
2324 1086 2608 1153 obz'ciens
2668 1094 2751 1153 ut
2791 1089 3054 1175 ingrati

691 1198 759 1258 et
787 1194 1052 1279 perfidi
1101 1216 1237 1258 non
1303 1194 1531 1258 minus
1596 1194 1840 1258 doloris·
1886 1215 1974 1258 ex
2020 1193 2308 1258 ludibrio
2350 1194 2471 1258 sui
2510 1217 2713 1280 quam
2760 1218 2849 1261 ex
2897 1196 3042 1282 ipsa

690 1305 899 1365 morte
953 1300 1408 1386 patiantur1).
1513 1299 1631 1366 Ab
1703 1297 2205 1367 Aureliano
2277 1299 2479 1367 datae
2549 1300 2812 1390 populo
2880 1313 3041 1369 sunt

690 1403 1082 1494 voluptates
1135 1404 1458 1474 ludorum
1509 1404 2015 1487 scaenicorum,
2077 1404 2406 1474 ludorum
2450 1405 2879 1489 circensium,
2929 1430 3041 1476 ve-

690 1510 1067 1596 nationum,
1129 1511 1611 1600 gladiatorum,
1662 1512 2199 1597 naumachiae2).
2293 1512 2642 1582 Probus
2690 1513 3041 1604 triumpho

690 1618 780 1686 de
827 1618 1196 1688 Germanis
1259 1630 1328 1687 et
1391 1618 1767 1707 Blemmyis
1829 1630 1985 1688 acto
2050 1618 2261 1689 edidit
2325 1619 2788 1708 gladiatorum
2848 1620 3042 1711 paria

689 1736 997 1794 trecenta
1044 1724 1421 1815 Blemmyis
1480 1726 1833 1816 plerisque
1894 1727 2385 1823 pugnantibus,
2454 1726 2571 1816 qui
2631 1750 2759 1818 per
2814 1728 3040 1798 triurn-

692 1832 904 1921 phum
966 1844 1164 1901 erant
1226 1833 1430 1916 ducti,
1501 1833 1855 1923 plerisque
1904 1832 2275 1902 Germanis
2337 1846 2406 1906 et
2445 1834 2807 1918 Sarmatis,
2877 1858 3041 1904 non-

690 1938 890 2007 nullis
938 1938 1140 2008 etiam
1189 1939 1571 2009 latronibus
1616 1938 1875 2008 Isauris
1894 1942 1969 2027 ⁸).

908 2099 948 2171 ι)
987 2101 1208 2173 Paneg.
1247 2120 1299 2176 9,
1338 2118 1424 2172 23.
1490 2131 1562 2142 —-
1638 2101 1681 2172 ¹)
1720 2102 1767 2158 F
1771 2102 1885 2158 lav.
1932 2101 2172 2174 Vopisc.
2211 2102 2411 2159 Aurel.
2465 2121 2511 2159 c.
2557 2121 2645 2175 34.
2694 2134 2749 2143 —-
2805 2103 2847 2175 ⁸)
2877 2104 2923 2160 F
2926 2104 3044 2160 lav.

686 2187 926 2260 Vopisc.
964 2190 1140 2246 Prob.
1182 2208 1267 2262 19.
