3467 5350
1696 504 2144 570 *72-

744 686 1065 762 poterant
1083 680 1151 760 ¹).
1268 674 1450 745 Fieri
1516 678 1762 767 potuit,
1841 689 1916 746 ut
1991 676 2160 746 socii
2232 678 2467 746 nescio
2539 677 2793 766 quibus
2866 677 3085 746 causis

746 782 1072 850 commoti
1105 784 1491 852 custodiam
1527 797 1935 854 recusarent
1953 787 2025 874 2).
2096 783 2244 854 Sed
2277 786 2411 853 hoc
2444 807 2672 873 genus
2716 784 3085 867 custodiae,

748 911 926 979 quae
974 902 1267 958 vocatur
1310 891 1545 975 libera,
1597 916 1736 962 non
1788 892 1920 961 iarn
1970 869 2356 962 inveni‘rnus
2407 892 2783 962 adhibitum
2838 916 2877 960 a
2925 893 3101 962 Cae·-

745 996 1040 1066 saribuS.

958 1104 1178 1174 Etiam
1250 1106 1315 1174 in
1385 1107 1602 1177 libera
1672 1108 1989 1176 custodia
2063 1107 2314 1197 captivi
2388 1107 2757 1176 crudeliter
2821 1109 3092 1176 tractari

746 1224 1083 1300 poterant.
1202 1213 1347 1284 Sed
1420 1215 1869 1305 magistratus
1938 1216 2418 1285 Romanorum
2492 1217 2579 1284 de
2651 1217 2779 1284 hac
2851 1214 3094 1283 duritia

748 1319 1078 1389 certiores
1138 1320 1296 1391 facti
1341 1322 1408 1391 in
1475 1336 1715 1392 sontes
1783 1323 2095 1412 graviter
2165 1323 2820 1392 animadverterunt.
2933 1322 3095 1390 Atili

744 1427 999 1517 Reguli
1034 1429 1147 1498 filii
1180 1431 1530 1499 habebant
1563 1431 1753 1499 domi
1786 1431 2151 1500 Bostarem
2181 1431 2495 1500 Poenum
2533 1443 2602 1499 et
2630 1429 3091 1499 Hamilcarem

745 1536 811 1604 in
863 1536 1179 1605 custodia
1218 1536 1454 1606 libera.
1546 1538 1802 1628 Reguli
1848 1539 2058 1607 vidua
2105 1551 2399 1607 mortem
2449 1538 2579 1607 viri
2626 1561 2667 1607 a
2712 1536 2969 1606 Poenis
3012 1579 3092 1587 —

745 1655 821 1712 ut
867 1644 930 1713 ei
977 1644 1256 1733 quidem
1289 1668 1703 1735 persuasum
1754 1658 1903 1715 erat
1951 1686 2032 1697 --
2082 1646 2420 1736 supplicio
2470 1646 2695 1715 affecti
2743 1668 2958 1734 aegre
3006 1644 3094 1713 fe·
3181 1655 3186 1662 '

746 1774 908 1821 rens
968 1754 1346 1821 commovit
1406 1754 1604 1838 filios,
1669 1766 1745 1823 ut
1790 1753 2144 1823 saevirent
2189 1756 2257 1822 in
2306 1753 2641 1844 captivos,
2737 1753 2877 1839 Qui
2923 1754 3098 1822 fece⁴

747 1873 925 1944 runt,
964 1863 1183 1949 ,quod
1248 1873 1469 1930 mater
1516 1862 1849 1932 iusserat:
1911 1862 2165 1932 Bostar
2208 1862 2417 1952 paulo
2467 1875 2631 1953 post
2676 1884 2845 1952 prae
2892 1859 3101 1941 animi

747 1967 1182 2056 aegritudine
1243 1992 1323 2037 ac
1385 1970 1565 2038 farne
1623 1970 1894 2039 interiit.
1997 1971 2238 2060 Atque
2300 1970 2650 2039 Hamilcar
2712 1992 2751 2037 a
2816 1968 3101 2037 muliere

748 2098 962 2144 saeva
1040 2071 1194 2144 curn
1261 2076 1573 2146 Bostaris
1636 2079 1984 2146 cadavere
2050 2078 2354 2147 inclusus
2415 2077 2546 2146 iarn
2611 2077 2675 2145 in
2748 2098 3102 2146 summum

750 2182 933 2251 vitae
995 2183 1359 2253 discrimen
1409 2198 1696 2254 venerat
1757 2185 2119 2254 cadaveris
2167 2197 2390 2254 taetro
2440 2187 2660 2254 odore
2707 2183 3104 2271 ceterisque

748 2290 1086 2379 angustiis
1120 2314 1522 2382 oppressuS,
1573 2315 1730 2361 curn
1780 2294 1914 2362 hoc
1947 2304 2210 2361 tanturn
2258 2292 2520 2362 facinus
2572 2290 2873 2360 mulieris
2906 2289 3104 2359 venit

747 2421 872 2487 per
937 2398 1253 2467 tribunos
1303 2400 1520 2489 plebis
1568 2400 1656 2468 ad
1708 2401 2177 2489 magistratus.
2275 2399 2521 2490 Neque
2573 2398 2857 2466 multum
2911 2396 3105 2479 afuit,

750 2506 912 2595 quin
961 2517 1107 2573 tum
1139 2506 1326 2576 Atilii
1374 2507 1614 2597 capitis
1661 2509 2176 2591 damnarentur,
2227 2508 2417 2599 quod
2466 2506 2724 2576 nomini
2772 2505 3106 2574 Romano

751 2637 903 2684 eam
976 2613 1393 2684 crudelitatis
1463 2627 1694 2685 notam
1769 2616 2228 2707 paravissent.
2346 2615 2588 2704 Itaque
2662 2614 3109 2703 cogebantur

749 2745 1022 2792 summa
1055 2745 1222 2792 cura
1252 2723 1320 2792 in
1367 2737 1726 2814 posterum
1777 2726 2065 2815 captivis
2115 2724 2500 2793 consulere.
2595 2720 2909 2791 Bostaris
2957 2720 3110 2809 qui-

752 2832 913 2900 dem
977 2830 1260 2900 cremati
1322 2832 1587 2901 cineres
1634 2832 1700 2901 in
1767 2832 2056 2923 patriam
2129 2831 2564 2913 remiserunt,
2631 2829 3108 2899 Hamilcarem

751 2938 1145 3009 refecerunt
1163 2942 1234 3023 3).

965 3045 1378 3136 Syphaci
1445 3047 1515 3115 in
1586 3049 1935 3139 triumpho
2010 3049 2221 3117 ducto
2286 3048 2500 3116 libera
2562 3045 2879 3114 custodia
2943 3065 3113 3112 con-

753 3175 954 3224 cessa
1003 3165 1111 3223 est
1162 3154 1387 3244 primo
1443 3156 1689 3225 Albae.
1801 3157 1965 3226 Inde
2019 3157 2379 3226 traductus
2444 3153 2689 3222 dicitur
2741 3151 3109 3233 Tiburern,

754 3284 893 3350 qua
949 3260 1018 3330 in
1080 3262 1252 3330 urbe
1313 3285 1353 3331 e
1399 3262 1540 3331 vita
1604 3264 1995 3350 decessit4).
2086 3263 2310 3332 Etiam
2358 3262 2812 3344 Perseus,
2876 3259 3117 3328 Mace-

754 3368 1014 3437 donum
1063 3391 1208 3452 rex,
1258 3392 1410 3438 cum
1439 3370 1851 3440 Alexandro
1899 3371 2039 3441 filio
2082 3372 2334 3441 Albam
2388 3371 2453 3439 in
2503 3368 2890 3438 custodiam
2939 3367 3112 3434 duc-

755 3487 865 3545 tus
895 3481 1087 3551 est5).
1159 3476 1365 3545 Bith
1387 3501 1527 3567 γε,
1579 3479 1826 3569 Cotyis
1859 3479 2057 3562 filius,
2092 3478 2279 3567 regis
2308 3477 2684 3559 Thracum,
2721 3474 3117 3544 Carseolos

754 3582 1008 3651 missus
1027 3587 1097 3668 ⁰),
1149 3583 1550 3654 Gentius
1606 3608 1730 3654 rex
1789 3584 2164 3676 Spoletinis
2199 3584 2680 3654 recusantibus
2714 3581 3116 3652 custodiam

753 3689 1072 3779 Iguvium
1124 3691 1482 3761 traductus
1530 3705 1635 3762 est
1653 3696 1725 3782 ⁷).

973 3908 1013 3979 ι)
1051 3908 1178 3964 Liv.
1214 3925 1304 3979 30,
1343 3926 1430 3980 45,
1468 3927 1518 3979 4.
1557 3940 1629 3948 —
1668 3908 1709 3977 ²)
1748 3909 1877 3965 Liv.
1915 3928 2003 3982 45,
2040 3928 2127 3982 43,
2165 3928 2215 3980 9.
2263 3943 2319 3952 —
2366 3909 2408 3981 ⁸)
2447 3909 2619 3966 Diod.
2658 3909 2766 3981 frg.
2805 3927 2893 3981 24,
2935 3925 3017 3963 12.

970 3998 1014 4068 4)
1052 3998 1180 4054 Liv.
1200 4015 1287 4070 30,
1329 4016 1413 4070 17,
1451 4016 1510 4069 2;
1549 4017 1636 4070 30,
1674 4017 1764 4071 45,
1802 4017 1869 4071 4;
1908 4001 2050 4057 Zon.
2070 4019 2123 4071 9,
2165 4018 2248 4072 13,
2286 4018 2348 4073 73
2385 4000 2585 4056 Valer.
2622 3999 2778 4054 Max.
2818 4016 2868 4070 5,
2910 4016 2957 4067 1,
2999 4015 3025 4052 1
3051 3999 3118 4054 b.

971 4088 1013 4155 ⁶)
1050 4087 1175 4144 Liv.
1214 4105 1301 4160 45,
1338 4106 1426 4160 35,
1468 4107 1524 4158 1;
1590 4089 1740 4145 Vell.
1778 4090 2009 4146 Patere.
2051 4108 2098 4160 1,
2139 4108 2224 4161 11,
2266 4109 2322 4160 1;
2384 4090 2582 4146 Valer.
2621 4089 2778 4145 Max.
2816 4105 2868 4161 5,
2910 4106 2957 4157 1,
2999 4105 3118 4157 Ic;

755 4177 924 4233 Diod.
963 4177 1072 4249 frg.
1110 4195 1197 4248 30,
1235 4195 1323 4249 23,
1360 4196 1420 4248 23
1456 4196 1545 4250 31,
1581 4180 1634 4249 8,
1671 4197 1731 4250 23
1769 4197 1857 4251 31,
1894 4181 1946 4249 8,
1983 4197 2044 4250 3,
2081 4198 2167 4251 31,
2206 4199 2258 4251 9,
2301 4198 2466 4252 1—-5;
2507 4180 2673 4236 Cass.
2700 4177 2827 4234 Dio.
2867 4178 2977 4250 frg.
3013 4195 3122 4249 20,

753 4268 842 4336 66,
880 4285 939 4337 43
977 4268 1121 4322 Zon·
1158 4285 1210 4338 9,
1248 4286 1336 4338 24,
1374 4286 1436 4340 53
1473 4268 1646 4324 Oros·
1684 4289 1737 4340 4,
1774 4287 1862 4338 20,
1899 4288 1986 4341 39·

972 4355 1015 4429 ⁶)
1052 4355 1180 4413 Liv.
1220 4375 1307 4433 45,
1345 4375 1432 4427 42,
1469 4375 1519 4434 5.
1565 4391 1622 4399 —
1670 4358 1710 4431 ⁷)
1750 4358 1879 4414 Liv.
1918 4377 2005 4434 45,
2044 4378 2130 4436 43,
2168 4378 2219 4432 9.
