3467 5350
1651 604 2142 673 ...108-

724 802 914 872 cives
976 814 1238 893 captOS,
1305 823 1485 891 quos
1534 801 1762 883 vellet,
1828 800 2164 870 servitute
2210 799 2554 869 eximendi
2572 807 2642 886 1).
2737 800 3075 870 Homines

721 933 850 1001 per
909 909 1221 978 iniuriam
1282 908 1478 978 ducis
1541 919 1786 998 captos
1833 919 2119 977 senatus
2165 906 2636 978 restituendos
2701 907 2968 977 curavit
2990 910 3071 996 ²).

937 1034 1156 1123 Quasi
1202 1033 1567 1102 formulam
1616 1032 2010 1102 invenimus
2068 1033 2252 1123 apud
2302 1031 2574 1101 Livium
2595 1035 2665 1117 8),
2725 1055 2866 1123 quo
2914 1033 3071 1102 loco

658 1153 659 1156 ’
723 1142 882 1211 dicit
919 1144 1006 1211 de
1038 1164 1211 1233 pace
1245 1164 1400 1210 curn
1437 1141 1707 1210 Aetolis
1747 1140 1962 1210 facta:
1999 1143 2348 1228 perfugas,
2375 1142 2735 1228 ficgz’tz‘vos,
2786 1140 3075 1227 captivos

722 1252 981 1318 reddito
1020 1252 1351 1317 Romanis·
1395 1250 1742 1337 sociis-que,
1803 1254 2077 1335 praeter
2138 1270 2338 1335 quam
2384 1249 2453 1313 sz‘
2493 1250 2617 1335 qui
2655 1249 2851 1335 capti,
2922 1271 3074 1314 cum

721 1360 944 1424 domos
989 1359 1340 1430 redis-sent,
1390 1358 1637 1440 iterum
1671 1357 1855 1442 capti
1874 1362 2058 1428 sunt,
2107 1360 2234 1419 aut
2272 1356 2354 1419 si'
2381 1356 2506 1441 qui
2545 1378 2618 1421 eo
2663 1361 2957 1441 tempore
2987 1378 3074 1421 ex

720 1466 803 1531 itis·
865 1467 1049 1552 capti
1097 1472 1282 1538 sunt,
1348 1465 1473 1551 qui
1528 1469 1675 1529 tum
1737 1464 1956 1527 hostes
2018 1468 2219 1528 erant
2259 1463 2610 1536 Romanis,
2675 1484 2827 1528 cum
2888 1463 3074 1527 intra

709 1574 1057 1659 praesidia
1102 1574 1417 1638 Romana
1462 1572 1703 1636 Aetoli
1761 1576 1995 1636 essent.
2065 1569 2356 1634 aliorum
2422 1570 2547 1655 qui
2601 1570 3079 1656 comparebunt

721 1681 906 1745 intra
939 1681 1080 1745 dies
1110 1685 1382 1744 centum
1416 1680 1936 1765 Corcyraeorum
1969 1676 2476 1762 magistratibus
2508 1676 2662 1740 sine
2706 1676 2854 1741 dolo
2899 1676 3074 1740 malo

722 1787 1113 1861 tradantur,
1188 1788 1311 1873 qui
1370 1809 1508 1852 non
1582 1785 2076 1871 comparebunt,
2151 1785 2421 1871 quando
2492 1784 2774 1869 quisque
2843 1805 3071 1849 eorum

711 1895 1018 1980 primum
1065 1896 1386 1959 inventus
1435 1894 1581 1966 erit,
1631 1894 1976 1958 reddatur.
2069 1890 2284 1979 Apud
2321 1886 2689 1977 Polybium
2738 1887 3071 1979 scriptum

722 1998 1039 2068 videmus
1087 1999 1450 2068 Romanos
1498 2000 1914 2090 postulasse,
1965 2009 2038 2066 ut
2073 1996 2386 2088 captivos
2421 1996 2896 2087 perfugasque
2932 2018 3071 2064 om·

723 2127 865 2186 neS,
918 2104 1035 2194 qui
1083 2106 1268 2197 apud
1318 2106 1615 2175 Aetolos
1663 2117 1920 2188 essent,
1982 2103 2157 2172 inter
2212 2105 2571 2193 proximos
2618 2125 2745 2171 sex
2792 2125 3073 2173 menses

720 2210 869 2280 sine
924 2213 1149 2301 pretio
1196 2213 1570 2282 redderent
1588 2219 1676 2298 ⁴):
1742 2214 1933 2303 χωρὶς
1980 2221 2099 2277 τῶν
2147 2215 2269 2277 ὅσοι
2316 2215 2467 2277 κατὰ
2512 2215 2771 2297 πόλεμον
2814 2214 3074 2288 ἁλόντες

721 2321 813 2395 εἰς
875 2321 985 2407 τὴν
1043 2323 1187 2385 ἰδίαν
1249 2323 1542 2409 ἀπῆλθον,
1601 2322 1694 2386 καὶ
1758 2322 1933 2385 πάλιν
1996 2321 2287 2400 ἑάλωσαν,
2350 2321 2445 2385 καὶ
2504 2321 2696 2410 χωρὶς
2743 2327 2882 2399 τῶν,
2949 2323 3072 2386 ὅσοι

721 2428 982 2512 πολέμιοι
1017 2425 1320 2512 Ῥωμαίων
1367 2429 1653 2514 ἐγένοντο,
1716 2426 1851 2493 καθ’
1902 2430 1966 2493 ὃν
2027 2428 2224 2517 καιρὸν
2273 2429 2533 2492 Αἰτωλοὶ
2581 2429 2732 2512 μετὰ
2765 2423 3072 2512 Ῥωμαίων

720 2536 1150 2618 συνεπολὲμουν
1168 2539 1239 2617 ⁵).
1326 2533 1466 2602 Iam
1499 2533 1716 2603 oculis
1751 2533 2054 2602 occurrit
2086 2545 2350 2602 certum
2384 2532 2716 2624 temporis
2749 2532 3068 2622 spatium,

719 2638 896 2710 intra
947 2640 1137 2729 quod
1185 2640 1574 2710 remittendi
1623 2653 1859 2711 essent
1907 2640 2178 2732 captivi,
2229 2662 2388 2710 esse
2438 2638 2884 2710 constitutum
2907 2643 2979 2726 0).

935 2765 1118 2851 Quin
1178 2765 1378 2834 etiam
1443 2790 1608 2835 ossa
1654 2765 1851 2835 ducis
1898 2766 1961 2835 in
2014 2765 2408 2857 captivitate
2455 2766 2711 2835 mortui
2776 2765 3071 2835 reddun-

722 2884 833 2941 tur
879 2871 1061 2940 bello
1111 2871 1518 2962 confect0⁷).

935 2996 1009 3066 In
1044 2996 1444 3067 foederibus
1495 3021 1777 3088 quoque
1824 2997 2081 3067 mentio
2129 2998 2207 3067 fit
2253 3011 2637 3088 captorum.
2732 2997 3070 3087 Polybius

721 3102 1097 3172 memoriae
1141 3104 1376 3193 prodit
1423 3104 1491 3173 in
1540 3103 1653 3172 illo
1701 3104 1988 3173 loedere
2034 3104 2212 3173 inter
2258 3105 2621 3175 Romanos
2668 3117 2739 3174 et
2788 3105 3069 3176 Cartha-

720 3209 1073 3300 ginienses
1119 3209 1279 3294 iet0,
1331 3213 1519 3300 quod
1569 3212 1876 3282 nominat
1923 3214 2330 3296 secundum,
2377 3235 2536 3282 esse
2584 3212 3068 3282 constitutum:

721 3320 825 3385 ἐὰν
870 3321 933 3385 δέ
981 3343 1142 3395 τινες
1177 3319 1596 3410 Καρχηδονίων
1632 3323 1866 3407 λάβωσί
1913 3346 2100 3400 τινας,
2149 3322 2303 3411 πρὸς
2350 3322 2460 3397 οὓς
2507 3323 2710 3411 εἰρήνη
2760 3326 2863 3407 μέν
2912 3323 3069 3387 ἐστιν

720 3428 1049 3515 ἐγγραπτος
1067 3424 1406 3511 Ῥωμαίοις,
1455 3430 1536 3517 μὴ
1564 3429 2004 3494 ὑποτάττωνται
2034 3431 2097 3494 δέ
2145 3453 2198 3493 τι
2246 3420 2473 3507 αὐταῖς,
2522 3431 2604 3515 μὴ
2652 3432 3069 3512 καταῖὲτωσαν

720 3535 811 3608 εἰς
857 3533 1005 3609 τοὺς
1039 3531 1344 3618 Ῥωμαίων
1390 3537 1659 3621 λιμένας·
1731 3538 1833 3601 ἐὰν
1878 3535 1941 3601 δὲ
1987 3537 2398 3625 καταχθέντος
2444 3536 2795 3622 ἐπιλάβηται
2841 3537 2871 3599 ὁ
2905 3531 3070 3599 ‘Pm-

721 3648 917 3724 μαῖος,
967 3643 1232 3729 ἀφιὲσθω
1249 3645 1322 3724 8).

936 3763 1153 3833 Etiam
1189 3764 1590 3855 priusquam
1625 3766 1795 3834 urbs
1838 3765 2133 3835 obsessa
2180 3765 2447 3856 aperuit
2492 3776 2755 3855 portaS,
2803 3764 3071 3834 incolae

718 3871 1061 3940 interdum
1110 3870 1291 3961 pacti
1338 3884 1520 3954 sunt,
1567 3883 1640 3940 ut
1688 3873 2202 3942 remitterentur
2249 3871 2502 3962 captivi
2523 3876 2594 3960 ⁹).

936 4013 979 4085 ¹)
1020 4015 1192 4071 Diod.
1230 4016 1339 4088 srg.
1377 4034 1465 4087 34,
1505 4034 1577 4087 23
1626 4050 1682 4058 —-
1723 4017 1767 4087 ³)
1805 4017 1934 4073 Liv.
1974 4035 2100 4089 per.
2140 4036 2210 4090 45
2223 4036 2239 4089 ;
2281 4017 2349 4073 cf.
2388 4018 2498 4073 Ios.
2540 4025 2656 4074 ant.
2696 4017 2817 4073 Iud.
2860 4034 2943 4088 14,
2985 4035 3073 4088 12,

715 4121 767 4175 3.
795 4137 851 4147 -
889 4104 931 4176 ⁸)
970 4107 1057 4176 38,
1102 4124 1183 4175 11,
1222 4122 1272 4175 4.
1301 4138 1357 4147 —
1384 4104 1428 4176 ⁴)
1467 4105 1673 4177 Polyb.
1696 4105 1805 4177 frg.
1834 4123 1920 4176 22,
1963 4123 2048 4177 13,
2086 4124 2138 4177 3.
2175 4139 2231 4148 —
2270 4105 2312 4177 ⁸)
2351 4107 2557 4179 Polyb.
2579 4106 2688 4179 frg.
2708 4125 2797 4177 22,
2837 4124 2922 4179 15,
2957 4108 3069 4178 516.

933 4194 978 4265 ⁶)
1018 4194 1088 4250 cf.
1127 4195 1285 4265 App.
1323 4194 1450 4250 Lib.
1489 4212 1589 4266 543
1627 4195 1834 4267 Polyb.
1874 4196 1985 4268 srg.
2027 4197 2111 4267 18,
2149 4213 2237 4269 27,
2274 4197 2340 4266 65
2378 4195 2548 4253 Diod.
2588 4196 2697 4268 frg.
2736 4198 2823 4268 28,
2865 4214 2947 4253 12.

935 4282 981 4350 2)
1021 4283 1091 4338 cf.
1128 4283 1255 4338 Liv.
1294 4302 1382 4355 39,
1419 4301 1507 4355 50,
1544 4302 1597 4355 9.

934 4372 977 4444 ⁸)
1016 4372 1223 4445 Polyb.
1261 4389 1313 4443 3,
1352 4389 1439 4443 24,
1474 4373 1527 4428 6.

933 4462 977 4532 ⁸)
1014 4460 1142 4518 Liv.
1182 4463 1269 4532 38,
1306 4479 1358 4532 9,
1396 4478 1433 4531 9
1443 4480 1459 4532 ς
1500 4462 1657 4534 App.
1698 4463 1774 4518 Ib.
1814 4479 1901 4537 75.
