3467 5350
786 769 1043 843 Fabius
1077 769 1419 841 Maximus
1451 770 1882 841 Servilianus
1903 775 1970 856 ¹).
2062 771 2465 861 Imperator,
2516 793 2669 839 cum
2704 769 2874 840 iram
2923 782 3128 861 atque

787 879 1140 949 avaritiam
1188 878 1476 969 imperio
1541 877 1934 968 potentiora
1981 877 2269 962 videret,
2331 879 2797 968 praeconibus
2843 902 2969 970 per
3016 903 3126 949 ur-

786 989 943 1057 bem
1012 986 1240 1055 missis
1298 987 1552 1054 liberos
1617 1008 1862 1056 omnes
1923 984 1989 1054 in
2040 987 2264 1054 sorum
2314 986 2403 1055 ad
2451 1008 2530 1054 se
2578 986 2976 1071 convenire,
3044 1011 3129 1056 ne

786 1095 1227 1178 violarentur,
1292 1092 1530 1162 iubere
1588 1092 1930 1162 interdum
1996 1107 2281 1164 coactus
2327 1097 2523 1176 est2).
2616 1093 2760 1164 Sed
2812 1095 3130 1183 quamvis

784 1202 1049 1272 incolae
1094 1203 1157 1270 in
1208 1201 1627 1270 deditionem
1674 1201 2050 1285 venissent,
2098 1202 2463 1285 interdum,
2524 1203 2650 1271 sed
2699 1225 2859 1270 raro
2904 1202 3132 1271 venie·

783 1323 960 1379 runt.
1056 1310 1268 1397 Quod
1302 1309 1408 1378 bis
1439 1309 1672 1378 inveni
1700 1322 2018 1379 senatum
2065 1332 2352 1401 passum
2401 1333 2539 1378 non
2591 1332 2769 1379 esse.
2863 1309 3132 1399 Liguri-

783 1420 935 1500 buS,
986 1418 1102 1506 qui
1134 1416 1198 1486 in
1235 1416 1653 1486 deditionem
1682 1428 2040 1497 venerant,
2087 1429 2329 1486 contra
2360 1416 2469 1485 ius
2502 1417 2657 1486 belli
2690 1418 3130 1487 venumdatis

782 1523 1049 1594 senatui
1078 1523 1350 1615 placuit,
1376 1523 1467 1593 M.
1485 1523 1823 1614 Popilium
1850 1525 2207 1594 consulem
2236 1524 2537 1614 Ligures
2561 1525 2786 1615 pretio
2812 1525 3130 1616 emptori-

781 1634 913 1701 bus
938 1631 1210 1701 reddito
1241 1631 1429 1721 ipsos
1454 1631 1820 1702 restituere
1850 1632 1914 1700 in
1943 1631 2324 1701 libertatem
2350 1633 2677 1721 bonaque
2706 1645 2781 1702 ut
2809 1633 2888 1715 is,
2938 1631 3130 1722 quid-

781 1739 945 1828 quid
995 1739 1142 1808 eius
1184 1739 1554 1829 reciperari
1586 1739 1827 1829 possit,
1875 1740 2256 1809 reddantur
2302 1762 2569 1821 curare,
2619 1762 2809 1808 arma
2844 1762 3133 1830 quoque

779 1846 977 1915 reddi
1011 1868 1234 1935 eaque
1266 1846 1488 1937 primo
1525 1868 1807 1936 quoque
1837 1858 2153 1938 tempore
2182 1846 2350 1931 fieri,
2400 1869 2528 1916 nec
2561 1859 2719 1916 ante
2769 1848 3129 1917 consulem

784 1955 873 2022 de
903 1953 1261 2043 provincia
1295 1954 1636 2022 decedere
1669 1977 1878 2044 quam
1910 1954 2184 2024 deditos
2216 1953 2282 2023 in
2317 1955 2556 2024 sedem
2597 1977 2795 2023 suam
2827 1955 3132 2045 Ligures

778 2060 1223 2130 restituisset:
1318 2064 1569 2128 claram
1659 2064 2003 2129 victoriam
2080 2065 2406 2130 vincendo
2483 2070 2896 2151 pugnantes,
2989 2089 3129 2131 non

774 2171 1129 2236 saeviendo
1159 2171 1231 2236 in
1264 2171 1569 2257 adflictos
1588 2172 1852 2258 fieriss).
1935 2169 2263 2239 Proximo
2312 2192 2494 2238 anno
2543 2170 3001 2255 sanciebatur,
3051 2183 3134 2240 ut

780 2275 895 2365 qui
928 2300 1016 2345 ex
1046 2276 1350 2347 Statellis
1382 2277 1628 2346 deditis
1661 2277 1725 2345 in
1761 2277 2144 2346 libertatem
2187 2276 2543 2347 restitutus
2591 2289 2748 2346 ante
2796 2278 3134 2347 calendas

775 2383 1076 2454 Sextiles
1142 2384 1399 2474 primas
1466 2407 1604 2453 non
1654 2397 1860 2469 esset,
1930 2386 2125 2454 cuius
2175 2384 2337 2453 dolo
2385 2385 2567 2453 malo
2614 2383 2674 2453 is
2720 2384 2787 2453 in
2835 2385 3134 2455 servitu-

776 2505 913 2562 tem
962 2492 1288 2576 venisset,
1357 2505 1430 2560 ut
1477 2492 1740 2561 iuratus
1787 2504 2073 2561 senatus
2121 2492 2545 2574 decerneret,
2610 2490 2727 2581 qui
2773 2513 2925 2560 eam
2974 2515 3132 2562 rem

777 2611 1144 2689 quaereret
1224 2598 1952 2690 animadverteretque
1970 2598 2037 2687 ⁴¹).
2147 2597 2245 2667 At
2303 2597 2391 2666 nil
2452 2610 2822 2667 recusante
2880 2613 3137 2670 senatu

773 2708 1048 2777 deditos
1096 2730 1256 2776 esse
1304 2708 1770 2776 venumdatos
1811 2708 2065 2776 docent
2111 2706 2239 2775 alia
2288 2706 2605 2797 exempla
2628 2712 2697 2791 ὖ).

986 2815 1200 2883 Plane
1264 2815 1462 2883 aliam
1531 2814 2108 2884 consuetudinem
2171 2814 2391 2883 secuti
2438 2826 2599 2883 sunt
2643 2814 3134 2885 Romanorum

773 2922 1010 3006 duceS,
1059 2922 1116 2991 si
1165 2921 1441 3006 deditio,
1494 2945 1650 2991 cum
1702 2922 1895 2991 miles
1948 2921 2153 2991 scalis
2183 2921 2318 2990 iam
2366 2921 2433 2990 in
2482 2944 2723 2990 muros
2769 2923 3130 3008 evaderet,

770 3029 840 3098 vi
870 3041 978 3098 est
1008 3041 1248 3098 coacta
1271 3033 1341 3114 ⁶).
1437 3029 1798 3113 Nimirum,
1831 3030 2045 3118 quod,
2095 3052 2249 3098 cum
2279 3029 2430 3099 talis
2479 3029 2738 3098 deditio
2787 3030 3132 3100 simillima

770 3148 959 3205 esset
992 3136 1509 3228 expugnationi,
1562 3136 1772 3206 dediti
1804 3136 1869 3205 in
1902 3138 2307 3207 servitutem
2342 3160 2540 3206 more
2571 3137 2727 3206 belli
2761 3149 3129 3227 captorum

768 3245 1373 3314 venumdabantur
1392 3249 1460 3329 ⁷).
1495 3245 1681 3314 Idem
1711 3246 1918 3315 docet
1942 3268 2101 3315 sors
2127 3245 2650 3315 Auruncorum.
2702 3248 2872 3311 Cum
2905 3248 3129 3312 vineis

767 3356 1032 3442 refectis
1076 3355 1346 3441 aliaque
1392 3356 1562 3419 mole
1611 3356 1771 3420 belli
1809 3357 1943 3420 iam
1989 3357 2062 3420 in
2108 3379 2180 3420 eo
2215 3362 2401 3430 esset,
2450 3361 2534 3419 nt
2576 3357 2649 3420 in
2698 3377 2926 3420 muros
2974 3378 3129 3420 eva-

769 3461 960 3526 deret
1001 3463 1210 3535 miles,
1279 3462 1526 3527 deditio
1572 3469 1673 3528 est
1689 3465 1907 3550 facta.
2010 3464 2322 3528 Ceterum
2369 3464 2583 3527 nihilo
2633 3463 2862 3527 minus
2905 3463 3129 3548 foeda

768 3568 993 3633 dedita
1038 3569 1221 3642 urbe,
1282 3591 1482 3654 qnam
1532 3571 1602 3633 si
1640 3576 1833 3655 capta
1854 3571 2067 3657 foret,
2115 3570 2455 3634 Aurunci
2481 3570 2708 3655 passi:
2774 3570 3130 3654 principes

763 3677 994 3740 securi
1019 3678 1347 3762 percussi,
1418 3677 1542 3740 sub
1591 3699 1833 3741 corona
1902 3678 2269 3742 venierunt
2335 3664 2565 3764 coloni
2590 3678 2729 3750 alii,
2801 3677 3124 3763 oppidum

984 3820 1023 3887 ι)
1062 3817 1320 3889 Appian.
1360 3819 1440 3873 Ib.
1478 3819 1566 3874 68.

979 3906 1022 3979 ²)
1061 3907 1188 3962 Liv.
1230 3925 1317 3980 37,
1353 3926 1442 3979 32,
1484 3925 1713 3978 11—14.

979 3994 1020 4065 ιι)
1060 3993 1187 4052 Liv.
1226 4015 1316 4067 42,
1352 3999 1404 4067 8,
1444 3999 1549 4070 7l8.

979 4083 1025 4155 4)
1064 4086 1192 4142 Liv.
1231 4105 1320 4157 42,
1358 4106 1444 4157 21,
1485 4104 1536 4159 5.

976 4175 1019 4244 ⁵)
1058 4175 1185 4231 Liv·
1223 4194 1276 4247 9,
1315 4194 1402 4247 42,
1442 4194 1504 4249 73
1544 4178 1630 4247 26,
1672 4177 1757 4244 16,
1795 4194 1846 4249 5-

975 4263 1018 4333 ⁶)
1058 4265 1185 4321 Liv.
1223 4284 1274 4336 2,
1318 4285 1401 4339 17,
1437 4268 1502 4335 6;
1541 4268 1629 4337 38,
1666 4285 1756 4336 29,
1799 4284 1891 4335 113
1930 4284 2017 4336 42,
2055 4268 2143 4338 63,
2188 4286 2269 4323 10.

977 4354 1018 4423 ⁷)
1060 4354 1127 4409 cf.
1168 4356 1337 4412 Dion.
1377 4356 1510 4412 Hal.
1548 4375 1600 4427 3,
1638 4373 1738 4428 5o;
1779 4374 1872 4429 53;
1930 4357 2188 4429 Appian.
2227 4358 2421 4414 Hann.
2460 4376 2557 4430 435
2616 4357 2696 4414 Ib.
2746 4358 2842 4430 963
2881 4375 2976 4430 973
3015 4376 3119 4428 99;

759 4434 907 4498 Plut.
940 4442 1163 4500 Sertor.
1200 4464 1252 4516 3,
1291 4462 1350 4517 5;
1390 4445 1559 4501 CaeS.
1600 4447 1654 4501 b.
1696 4445 1767 4501 G.
1805 4464 1858 4517 3,
1903 4448 1986 4517 16,
2024 4465 2075 4517 4.
