3467 5350
1739 559 2173 627 ..ΖΒ-

789 778 1036 824 manus
1100 755 1392 844 iungere
1462 755 1893 845 captivorum
1961 777 2177 840 more,
2247 754 2445 844 quasi
2487 754 2762 824 vinctae
2810 765 3045 824 essent
3067 755 3136 843 ¹).

790 863 1174 932 Caesarum
1246 862 1677 952 temporibus
1745 863 1974 946 fiebat,
2049 874 2122 931 ut
2182 862 2529 952 supplices
2601 862 3140 952 procumberent

790 971 976 1060 apud
1010 969 1310 1059 effigiem
1346 969 1671 1038 Caesaris
1688 975 1759 1054 2).
1824 969 2188 1038 Exercitus
2216 969 2633 1038 deditionem
2662 969 3144 1058 significabant

791 1091 910 1146 aut
957 1076 1167 1146 armis
1216 1076 1499 1146 abiectis
1547 1090 1665 1145 aut
1711 1076 1928 1146 scutis
1977 1076 2042 1144 in
2088 1075 2310 1167 capita
2358 1076 2648 1145 sublatis
2668 1079 2716 1161 ⁸)
2764 1089 2883 1144 aut
2929 1074 3144 1144 scutis

789 1184 1142 1275 perversis
1162 1188 1231 1269 ⁴).
1337 1183 1842 1254 Macedonibus
1904 1186 2340 1253 consuetudo
2401 1197 2569 1267 erat,
2636 1207 2791 1254 cum
2852 1195 2967 1252 aut
3034 1184 3145 1251 de-

789 1293 1116 1361 ditionem
1177 1304 1296 1360 aut
1367 1292 1841 1360 transitionem
1910 1292 1995 1360 ad
2047 1293 2288 1361 hostes
2335 1291 2693 1375 faciebant,
2755 1303 2829 1359 ut
2887 1290 3147 1360 sarisas

790 1401 854 1468 in
928 1402 1136 1469 altum
1211 1413 1480 1470 erectas
1552 1411 1868 1469 tenerent
1885 1404 1954 1485 ⁵).
2050 1399 2495 1489 Quicumque
2558 1400 3009 1490 capiebantur
3079 1397 3145 1466 in

789 1509 980 1590 mari,
1046 1508 1255 1576 vitam
1306 1519 1630 1599 poterant
1674 1521 1914 1598 petere
1962 1506 2244 1577 abiectis
2298 1507 2448 1577 telis
2497 1507 2848 1595 remisque
2896 1507 3149 1596 plausu

791 1615 1098 1703 undique
1132 1618 1304 1705 pari,
1341 1616 1531 1704 quod
1564 1615 2091 1705 supplicantium
2126 1615 2401 1704 signum
2440 1619 2669 1698 eratss).
2739 1614 3148 1683 Caduceum

791 1725 1145 1813 ponebant
1180 1723 1245 1791 in
1275 1746 1519 1813 prora:
1570 1725 1637 1788 τὸ
1670 1726 1974 1813 κηρύκειον
2008 1724 2236 1812 ὑψηλὸν
2270 1726 2525 1811 ἔστησαν
2552 1726 2641 1789 ε’πὶ
2666 1733 2786 1812 τῆς
2810 1721 3057 1812 πρῴρας
3078 1725 3146 1805 7).

790 1831 1030 1919 Atque
1076 1830 1425 1920 supplices
1475 1852 1721 1898 manus
1761 1854 1800 1899 e
1842 1830 2139 1899 navibus
2184 1831 2637 1920 porrigebant
2656 1834 2728 1918 ⁸).
2823 1829 3149 1917 Denique

792 1959 945 2005 eam
1019 1937 1587 2006 consuetudinem
1660 1959 2224 2020 commemorem,
2298 1960 2505 2026 quam
2572 1936 2946 2005 memoriae
3006 1958 3149 2004 ser-

790 2046 980 2114 vavit
1036 2043 1294 2114 Plinius
1314 2049 1393 2129 ⁹):
1457 2049 1825 2112 Summum
1885 2047 2079 2132 apud
2131 2046 2443 2132 antiquos
2498 2048 2773 2133 szgrnum
2834 2047 3153 2111 victoriae

791 2161 953 2228 erat,
1014 2155 1286 2220 herbam
1337 2155 1690 2241 porrigere
1750 2154 1968 2229 victos,
2028 2155 2148 2219 hoc
2206 2161 2320 2229 est,
2386 2160 2569 2219 terra
2615 2160 2683 2219 et
2724 2154 2956 2218 altrice
3002 2154 3154 2239 ipsa

789 2263 994 2327 humo
1041 2268 1107 2327 et
1149 2263 1539 2327 humatione
1586 2263 1786 2327 etiam
1836 2263 2102 2327 cedere:
2158 2285 2354 2347 quem
2413 2284 2659 2327 morem
2707 2262 2907 2326 etiam
2956 2282 3155 2324 nunc

790 2371 1043 2435 durare
1087 2371 1281 2455 apud
1330 2372 1703 2435 Germanos
1746 2369 1894 2434 scio,

1007 2474 1255 2562 Neque
1318 2497 1479 2542 raro
1543 2475 1796 2543 factum
1859 2486 1987 2558 est,
2052 2487 2126 2541 ut
2172 2474 2472 2542 Romani
2533 2473 2998 2542 fortitudinem
3063 2495 3153 2541 ac

792 2582 1115 2649 virtutem
1166 2581 1464 2648 hostium
1517 2579 1833 2648 admirati
1882 2581 2149 2649 mitiore
2199 2593 2432 2649 essent
2501 2580 2728 2648 animo
2801 2581 3153 2648 adversus

793 2688 1018 2756 victos
1037 2692 1136 2772 ¹⁰),
1188 2688 1377 2775 quod
1427 2687 1679 2756 facturn
1753 2710 1911 2756 esse
1969 2688 2267 2772 Lier511)
2340 2687 2543 2777 plane
2614 2700 2842 2775 negat.
2932 2688 3149 2778 Ἀρετή

792 2821 881 2861 τοι
926 2798 1272 2884 δυστυχοῦσι
1320 2798 1584 2882 μεγάλην
1626 2799 1745 2885 ἔχει
1779 2806 1982 2886 μοῖραν
2014 2799 2217 2872 αἰδοῦς
2263 2798 2356 2861 καὶ
2387 2801 2545 2886 παρὰ
2589 2800 2915 2882 πολεμίοις,
2962 2799 3154 2862 δειλία

790 2903 854 2968 δὲ
881 2900 1234 2988 Ῥωμαίοις,
1295 2908 1401 2967 κᾶν
1461 2905 1747 2991 εὐποτμῇ,
1796 2912 1986 2990 πάντη
2036 2909 2389 2989 ἀτιμότατον
2422 2905 2515 2993 ¹²).
2608 2905 2979 2992 Augustus
3025 2902 3152 2972 Se·

793 3020 1129 3097 gestanos
1184 3012 1398 3097 ἐπαίνῳ
1446 3035 1512 3076 τε
1559 3021 1679 3099 τῆς
1726 3016 1955 3101 ἀρετῆς
2000 3012 2095 3076 καί
2145 3014 2298 3100 ἐλέῳ
2347 3022 2466 3100 τῆς
2514 3016 2736 3088 ἱκεσίας
2784 3014 2919 3077 οὔτε
2967 3013 3151 3077 ἔκτει-

791 3143 885 3183 νεν
934 3119 1068 3183 οὔτε
1120 3123 1459 3204 ἀνέστησεν,
1509 3121 1669 3184 ἀλλὰ
1709 3126 2002 3210 χρήμασιν
2038 3121 2376 3205 ἐζημίωσεν
2407 3122 2505 3204 ¹⁸).
2602 3118 2908 3187 Eandem
2962 3117 3147 3186 viam

1006 3353 1049 3422 ¹)
1090 3352 1253 3409 Cass,
1293 3352 1423 3408 Dio.
1459 3354 1553 3421 68,
1596 3370 1679 3408 10.

1006 3441 1050 3512 ²)
1091 3440 1275 3499 Tacit.
1318 3459 1450 3497 ann.
1494 3460 1579 3510 12,
1620 3459 1685 3513 17
1698 3459 1713 3510 3
1755 3441 1823 3499 cf.
1863 3441 2024 3497 Suet.
2062 3441 2218 3513 Aug.
2261 3460 2343 3514 17.

1005 3530 1048 3601 ⁸)
1087 3530 1342 3603 Appian.
1384 3532 1438 3587 b.
1479 3549 1526 3588 c.
1566 3548 1616 3600 2,
1656 3548 1745 3600 42.

1003 3621 1049 3691 ⁴)
1089 3620 1387 3677 Ammian.
1424 3622 1511 3690 26,
1550 3640 1603 3691 9,
1642 3640 1692 3694 7.

1010 3710 1053 3780 ⁵)
1092 3711 1299 3783 Polyb.
1338 3710 1446 3782 frg.
1489 3712 1572 3780 18,
1609 3728 1662 3781 9,
1700 3728 1898 3782 9—-11,

1004 3801 1051 3871 ο)
1091 3801 1242 3859 Flor.
1282 3820 1334 3872 3,
1371 3801 1424 3870 6,
1465 3818 1548 3871 13.

1011 3891 1052 3960 ⁷)
1091 3891 1348 3963 Appian.
1386 3890 1512 3946 Lib.
1550 3908 1639 3961 49.

1009 3979 1053 4051 ⁸)
1092 3980 1350 4052 Appian.
1389 3982 1442 4038 b.
1484 3998 1532 4037 e.
1570 3998 1622 4050 2,
1659 3980 1747 4037 88.

1006 4070 1050 4140 9)
1089 4079 1208 4126 nat.
1247 4070 1378 4127 hist.
1418 4088 1504 4140 22,
1542 4088 1594 4140 4.

979 4159 1046 4229 ¹⁰)
1087 4159 1253 4216 CaSS.
1290 4159 1419 4217 Dio.
1457 4177 1545 4229 42,
1588 4177 1672 4229 14,
1711 4177 1773 4229 23
1810 4178 1898 4231 43,
1939 4178 2024 4230 13,
2063 4178 2126 4230 43
2164 4160 2394 4231 Ioseph.
2435 4160 2491 4214 b.
2530 4159 2569 4216 Ι.
2606 4176 2660 4229 3,
2695 4160 2748 4228 8,
2788 4176 2838 4215 2.

979 4250 1051 4318 ιι)
1091 4267 1148 4320 p.
1187 4266 1308 4319 231.

975 4340 1047 4407 12)
1087 4338 1234 4395 Plut.
1273 4337 1445 4394 Aem.
1485 4338 1670 4394 Paull.
1709 4339 1797 4408 26,
1838 4356 1888 4410 7.

978 4426 1045 4497 ¹⁸)
1083 4427 1341 4499 Appian.
1382 4426 1536 4500 Illyr.
1576 4445 1662 4497 24.
