3467 5350
1647 594 2088 681 „34—

691 790 878 859 tione
957 787 1408 858 mercennarii
1471 789 1867 860 Poenorum
1951 789 2363 860 rebellantes
2437 810 2776 857 summam
2856 787 3040 859 exci-

690 910 1012 966 taverunt
1036 896 1205 965 iram
1235 919 1315 965 ac
1341 896 1643 965 studium
1668 901 1736 981 1).
1795 896 2311 964 Hasdrubal
2360 918 2662 985 quqque,
2690 919 2844 965 cum
2877 898 3035 967 Car·

693 1007 908 1095 thago
956 1006 1106 1094 ipsa
1151 1016 1401 1072 vocata
1449 1015 1637 1073 esset
1684 1005 1750 1071 in
1800 1027 2143 1072 summum
2195 1004 2582 1088 discrimen,
2631 1026 2875 1072 omnes
2903 1005 3038 1072 Ro—

691 1134 1051 1181 manorum
1092 1111 1405 1200 captivos
1439 1110 1809 1187 interfecit:
1852 1116 2019 1187 ὅπως
2048 1117 2369 1197 ἀπόγνωσιν
2402 1115 2758 1198 συγγνώμης
2786 1117 3039 1201 σχόντες

688 1223 740 1286 οἱ
773 1221 1162 1310 Καρχηδόνιοι
1194 1222 1633 1309 προθυμότερον
1656 1221 2318 1308 ’ἀντικαρτερήσωσινῆ
2416 1217 2847 1286 Necessitate
2884 1219 3036 1286 belli

689 1328 1030 1396 adductus
1068 1326 1530 1415 Spartacus
1578 1326 1894 1415 captivos
1941 1326 2030 1398 ad
2080 1348 2291 1394 unum
2342 1325 2674 1394 interfecit
2721 1325 3039 1418 iumentis

690 1456 973 1526 quoque
1005 1433 1350 1521 iugulatis,
1401 1456 1543 1522 quo
1576 1433 1774 1501 fieret
1805 1432 2191 1521 expeditior
2209 1436 2276 1523 ³).
2357 1433 2604 1522 Neque
2640 1428 2882 1501 mirum
2911 1446 3034 1513 est,

689 1542 877 1628 quod
926 1539 989 1618 ii,
1066 1540 1180 1629 qui
1227 1540 1290 1608 in
1340 1539 1580 1610 itinere
1629 1540 2049 1610 resistebant
2093 1550 2300 1628 atque
2350 1539 2677 1607 conviciis
2726 1540 3037 1608 maledic·

687 1647 913 1735 tisque
948 1646 1219 1715 molesti
1253 1635 1470 1729 erant,
1514 1646 1951 1737 imperatoris
1991 1646 2183 1715 iussu
2233 1646 2454 1737 necati
2500 1650 2749 1730 sunt4).
2846 1647 3033 1714 Idem

685 1754 837 1823 fieri
884 1767 1178 1845 poterat,
1246 1755 1305 1823 si
1348 1754 1527 1837 duci,
1580 1755 1692 1845 qui
1744 1755 2000 1822 multos
2050 1754 2362 1842 captivos
2409 1776 2646 1822 secum
2697 1754 3032 1836 trahebat,

687 1860 752 1928 in
781 1862 1119 1951 angustiis
1169 1885 1417 1981 presso
1461 1862 1843 1952 periculum
1884 1874 2049 1944 erat,
2102 1884 2188 1929 ne
2237 1862 2417 1947 capti
2464 1862 2877 1930 rebellarent
2925 1885 3034 1929 ex-

685 1968 1064 2057 ercituique
1111 1969 1479 2058 perniciem
1531 1970 1970 2059 praeberent.
2065 1962 2507 2037 Hannibal
2559 1992 2598 2036 a
2645 1968 2864 2036 Fabio
2899 1968 3039 2036 Ma-'

682 2076 869 2145 ximo
935 2099 1063 2165 per
1124 2076 1402 2145 insidias
1464 2076 1928 2144 circumdatus
1993 2075 2295 2166 quinque
2362 2076 2542 2153 milia
2604 2074 3029 2165 captivorum

683 2182 898 2250 fertur
933 2183 1153 2251 occidi
1186 2184 1504 2253 iussisse·
1554 2188 1648 2249 ἵνα
1681 2187 1764 2273 μὴ
1813 2187 1874 2249 ἐν
1920 2187 2008 2273 τῷ
2053 2188 2290 2272 κινδύνῳ
2337 2188 2735 2269 νεωτερίσειαν
2752 2187 2821 2267 ⁵).
2916 2182 3029 2250 Ad

681 2290 861 2359 idem
932 2303 1071 2361 tam
1137 2292 1417 2360 crudele
1480 2292 1858 2360 remedium
1909 2290 2371 2360 Hannibalem
2435 2291 2813 2360 recessisse
2876 2313 3030 2358 con-

680 2409 862 2477 stat,⁴
907 2398 1043 2487 qui,
1096 2422 1247 2467 cum
1292 2410 1452 2488 post
1498 2422 1805 2488 pugnam
1833 2399 2270 2467 Cannensem
2324 2398 2483 2467 nihil
2530 2397 3029 2477 intermisisset,

682 2506 844 2594 quin
894 2507 1230 2575 Romanis
1296 2518 1538 2596 captos
1612 2529 1835 2597 parvo
1916 2507 2136 2596 pretio
2209 2504 2653 2575 redimendos
2726 2505 3029 2586 offerret,

683 2613 979 2697 nesciuS,
1048 2613 1315 2684 cuinam
1370 2613 1703 2683 venderet
1751 2613 2086 2694 homines,
2155 2612 2339 2682 haud
2389 2613 2771 2696 immernor,
2840 2611 3030 2701 quod

678 2714 1060 2810 periculum
1135 2733 1365 2789 tantus
1435 2720 1792 2789 hominum
1864 2719 2229 2789 confluxus
2300 2720 2628 2789 exercitui
2702 2719 3029 2809 expedito

681 2829 1068 2917 praeberet,
1118 2829 1373 2896 multos
1406 2828 1625 2896 occidi
1673 2829 1952 2917 iussit⁶).
2047 2828 2412 2909 BrutuS,
2460 2851 2617 2896 cum
2666 2828 2753 2894 ad
2789 2826 3030 2916 Philip-

678 2957 812 3023 pos
879 2936 946 3003 in
1012 2935 1255 3004 castris
1320 2937 1573 3004 multos
1644 2936 1959 3025 captivos
2030 2936 2318 3003 haberet
2389 2957 2618 3023 neque
2667 2934 3028 3017 inveniret,

681 3063 983 3130 quonam
1025 3042 1233 3111 modo
1262 3065 1387 3111 eos
1413 3042 1653 3132 proelii
1683 3055 1997 3132 ternpore
2031 3043 2416 3112 custodiret
2444 3053 2562 3110 aut
2593 3064 2731 3131 qua
2761 3043 3028 3110 ratione

681 3149 938 3217 nullum
1021 3149 1427 3219 maleficium
1508 3172 1632 3218 eos
1709 3162 2234 3240 perpetraturos
2314 3172 2471 3218 esse
2559 3148 2768 3216 fidem
2862 3148 3027 3238 ipsis

680 3255 999 3341 haberet,
1094 3259 1427 3327 maiorem
1503 3270 1771 3348 partem
1850 3281 2092 3327 eorum
2172 3256 2540 3338 interemit,
2637 3254 3028 3325 necessitati

681 3363 880 3431 etiam
963 3378 1238 3454 praeter
1314 3366 1516 3434 animi
1597 3366 2008 3435 sententiam
2079 3366 2394 3434 serviens
2467 3369 2573 3451 (τῇ
2642 3368 2865 3452 ἀνάγκῃ
2934 3365 3029 3429 καὶ

680 3476 838 3561 παρὰ
903 3477 1140 3560 γνώμην
1201 3476 1551 3556 δουλεύσας)
1612 3496 1842 3561 eoque
1909 3474 1974 3541 id
2038 3473 2320 3556 faciliuS,
2388 3472 2578 3562 quod
2641 3471 2889 3561 captivi
2938 3493 3025 3538 ex

677 3600 808 3646 suo
873 3580 1182 3647 exercitu
1231 3581 1316 3648 ab
1366 3581 1682 3649 hostibus
1730 3594 1926 3648 erant
1975 3581 2178 3649 occisi
2203 3585 2268 3665 ⁷).
2362 3581 2777 3648 Plutarchus
2797 3583 2845 3657 ⁸)
2895 3600 3025 3645 me-

679 3686 940 3753 moriae
971 3686 1281 3754 servavit
1318 3686 1604 3755 Brutum
1654 3689 1742 3755 de
1791 3688 2080 3778 captivis
2127 3687 2451 3756 servilem
2502 3685 3023 3767 multitudinem,

682 4007 703 4040 .
897 3920 1180 3993 ¹)P01yb·
1223 3939 1272 3991 1
1311 3939 1498 3993 79‚4;
1560 3920 1833 3994 1‚81‚4;
1893 3924 2065 3992 1‚80
2107 3939 2192 3976 11
2254 3955 2311 3962 -
2375 3920 2417 3991 ²)
2458 3920 2602 3976 zon
2639 3937 2692 3990 9,
2742 3936 2917 3990 29‚9·
2962 3950 3018 3958 -

1520 4044 1577 4052 -
1639 4011 1662 4043 ⁴

704 4012 723 4079 )
764 4009 1234 4172 qugasspziacn·
1247 4029 1467 4158 Iilaiiii.
1512 4119 1605 4171 14,
1664 4012 1885 4157 ἓξὲξ.
1912 4012 2345 4171 {51126'43243M
2381 4102 2451 4173 μή
2489 4117 2565 4161 τις
2610 4097 2773 4153 αὐτῶν
2809 4097 3028 4171 διαφυγῇ

673 4182 750 4240 καὶ
785 4185 842 4241 τὸ
886 4188 1136 4261 γινόμενον
1178 4187 1392 4262 γνωρίσῃ
1430 4194 1533 4251 τοῖς
1572 4189 1855 4263 Ῥωμαίοις,
1896 4189 2217 4262 κατέσφαξεν.

894 4277 938 4347 ⁶)
978 4279 1217 4350 Eutrop.
1255 4296 1307 4349 3,
1351 4296 1434 4348 11,
1475 4297 1534 4348 1;
1574 4280 1724 4334 Plut.
1762 4279 1941 4336 Marc.
1983 4297 2067 4350 13,
2106 4297 2140 4349 4
2153 4295 2170 4348 ;
2207 4279 2351 4334 Zon.
2388 4296 2441 4349 9,
2478 4296 2530 4349 2,
2567 4296 2619 4350 5.

892 4366 933 4436 ¹)
975 4366 1138 4423 Cass
1179 4367 1307 4423 Dio.
1347 4385 1432 4439 47,
1471 4369 1559 4438 48,
1596 4385 1647 4438 3.

891 4455 939 4526 ⁸)
977 4456 1137 4512 Brut.
1176 4475 1264 4529 45,
1300 4475 1352 4528 3.
