3467 5350
1730 563 2170 629 *54-

778 750 1037 807 tantum
1087 759 1471 828 paucorum
1519 737 1882 825 sanguine,
1936 760 2075 805 non
2123 737 2405 805 innoxio
2450 737 2897 806 multitudinis
2946 760 3113 827 opus

779 868 937 914 esse
986 844 1071 913 ad
1120 844 1373 912 bellum
1425 842 1843 934 expiandum
1889 855 2213 933 putarent
2232 850 2303 927 1),
2354 845 2792 913 consuetudo
2835 857 3000 926 erat,
3048 856 3116 912 ut

780 950 1036 1020 deditio
1097 950 1255 1019 belli
1314 950 1618 1019 auctoris
1679 950 1792 1018 vel
1857 962 2217 1019 auctorum
2282 952 2755 1041 postularetur
2775 955 2843 1038 ⁶²).
2938 951 3118 1038 Quin

778 1058 981 1128 etiam
1031 1079 1197 1127 ossa
1243 1058 1429 1126 noxii
1480 1058 1916 1127 dedebantur
1933 1061 2004 1143 3).
2101 1057 2502 1127 Clarissima
2549 1060 2802 1128 ducum
2852 1044 3122 1128 ῖτειόἰῐοέ

779 1189 931 1235 rum
1008 1164 1327 1255 exempla
1396 1165 1700 1233 breviter
1771 1165 2076 1239 afferam.
2173 1165 2456 1252 Quanto
2526 1166 2759 1234 studio
2828 1165 3119 1234 Romani

779 1274 844 1342 id
926 1272 1216 1361 egerint,
1293 1284 1367 1340 ut
1437 1271 1908 1342 Hannibal
1988 1273 2378 1342 traderetur
2451 1273 2798 1363 vivusque
2876 1272 2938 1341 in
3011 1296 3121 1364 po·

780 1393 1093 1450 testatem
1146 1379 1430 1464 veniret,
1512 1380 1663 1469 quis
1737 1392 1862 1463 est,
1936 1379 2053 1470 qui
2124 1380 2427 1450 nesciat?
2518 1380 2657 1450 lam
2731 1381 3122 1470 Saguntum

779 1490 1022 1557 urbem
1089 1499 1613 1580 oppugnantem
1682 1487 2033 1576 legatione
2098 1489 2161 1556 in
2211 1488 2519 1557 Africam
2570 1488 2783 1557 missa
2829 1486 3125 1556 Romani

780 1598 1274 1687 deposcebant,
1327 1595 1515 1686 quod
1549 1608 1796 1685 ruptor
1826 1594 2129 1665 foederis
2165 1608 2352 1665 esset
2372 1599 2439 1681 ⁴).
2511 1595 2875 1678 Hannibal,
2910 1595 2967 1664 si
3001 1607 3125 1663 tra-

780 1706 1082 1787 deretur,
1138 1706 1273 1773 hoc
1341 1702 1774 1772 manifestum
1822 1704 1972 1773 fore
2039 1704 2391 1773 dicebant:
2454 1706 2546 1780 ὡς
2609 1707 2674 1770 οὐ
2738 1711 3128 1794 μετεσχήκασι

782 1824 902 1901 τῆς
934 1815 1182 1898 ἀδικίας,
1230 1811 1369 1877 ἀλλ’
1408 1816 1542 1876 ἄνευ
1573 1822 1693 1900 τῆς
1726 1814 1921 1877 αὐτῶν
1954 1816 2198 1898 γνώμης
2230 1816 2559 1903 πεπρᾶχθαι
2592 1822 2765 1878 τοῦτο
2798 1814 3040 1901 τοῦργον
3060 1812 3126 1900 ⁵).

781 1920 1022 1987 Poeno
1049 1919 1234 2008 apud
1252 1916 1538 1986 Zamam
1567 1917 1843 1987 devicto
1864 1918 2261 2009 Scipionem
2291 1932 2449 1988 ante
2476 1919 2707 1988 omnia
2731 1919 3129 2010 postulasse

782 2025 1021 2095 Livius
1081 2037 1334 2109 narrat,
1400 2038 1474 2094 ut
1523 2025 1869 2095 Hannibal
1925 2026 2055 2096 sibi
2115 2028 2506 2097 traderetur
2528 2032 2600 2111 ⁰).
2693 2027 2838 2096 Sed
2889 2025 3130 2094 Livius

782 2135 916 2202 hoc
976 2156 1105 2224 pro
1168 2145 1358 2202 certo
1419 2156 1557 2201 non
1621 2135 1832 2202 audet
1878 2146 2204 2217 statuere,
2268 2135 2395 2204 sed
2446 2145 2645 2204 caute
2693 2133 2882 2203 addit
2928 2133 3129 2201 illud:

778 2249 963 2316 sunt,
1030 2243 1155 2328 qui
1207 2243 1498 2308 tradant.
1593 2240 1897 2327 Quinam
1958 2243 2092 2309 hoc
2153 2241 2577 2325 tradiderint,
2640 2241 2705 2310 in
2768 2239 2980 2309 dubio
3029 2263 3130 2308 re·

781 2347 1041 2438 linquit.
1137 2349 1233 2415 At
1280 2347 1693 2416 Plutarchus
1745 2349 2100 2437 depugnat
2149 2348 2383 2418 verbis
2447 2350 2627 2417 haud
2682 2347 2907 2416 dubiis
2954 2346 3131 2416 Livii

781 2455 1268 2527 testimonium.
1361 2455 1434 2522 ln
1469 2467 1712 2524 senatu
1757 2457 1845 2524 de
1876 2454 2285 2525 Hannibalis
2333 2468 2558 2524 morte
2606 2455 2900 2525 certiore
2947 2455 3132 2524 facto

781 2564 966 2631 haud
1016 2562 1256 2653 paucis
1305 2564 1773 2652 importunum
1825 2564 1985 2633 dicit
2022 2564 2417 2651 Quinctium
2467 2564 2920 2633 Flamininum
2970 2585 3133 2632 esse

786 2671 1009 2740 visum
1049 2669 1390 2759 nimisque
1417 2670 1767 2739 curiosum
1819 2684 1887 2741 et
1934 2671 2305 2757 crudelem,
2357 2671 2471 2761 qui
2497 2672 2687 2741 velut
2712 2695 2911 2741 avem
2961 2693 3136 2762 prae

786 2779 980 2848 senio
1016 2779 1147 2846 iam
1183 2778 1502 2846 facultate
1535 2779 1815 2848 volandi
1848 2780 2183 2871 privatam
2219 2792 2428 2871 atque
2476 2781 2697 2849 cauda
2723 2791 3130 2862 truncatam,

787 2888 896 2955 cui
964 2885 1211 2954 cicuris
1269 2886 1408 2954 vita
1476 2898 1663 2955 esset
1719 2887 2082 2977 permissa,
2145 2889 2601 2957 Hannibalem
2674 2886 3138 2956 interfecisset

784 2993 971 3062 nulla
1017 3005 1315 3081 urgente
1371 2994 1801 3076 necessitate,
1852 2996 1976 3063 sed
2027 3008 2100 3062 ut
2150 3018 2404 3064 nornen
2455 2995 2581 3065 sibi
2605 3019 2689 3063 ex
2719 2994 2935 3063 caede
2982 2993 3135 3062 eius

786 3112 1254 3190 compararet:
1327 3113 1518 3169 tanto
1587 3102 1813 3191 magis
1860 3100 2205 3193 Scipionis
2239 3103 2545 3172 Africani
2588 3101 3015 3171 clementiam
3065 3112 3137 3169 et

787 3207 1084 3277 animum
1123 3208 1488 3277 honestum
1525 3231 1649 3277 eos
1690 3208 2070 3278 admiratos
2119 3232 2299 3293 esse,
2350 3210 2465 3298 qui
2513 3209 2839 3279 invictum
2891 3220 2959 3277 et
3007 3221 3134 3275 ter-

789 3316 1048 3384 ribilem
1107 3315 1171 3383 in
1219 3315 1479 3398 Africa,
1551 3338 1707 3384 cum
1772 3316 2037 3407 proelio
2087 3317 2386 3401 vicisset,
2459 3340 2688 3406 neque
2753 3316 3135 3406 expulisset

1005 3513 1045 3582 ι)
1085 3513 1153 3568 cf.
1193 3513 1318 3569 Liv.
1356 3515 1408 3583 8,
1445 3531 1531 3584 39,
1573 3530 1802 3585 11—15.

1005 3602 1047 3671 2)
1085 3602 1292 3674 Polyb.
1318 3602 1425 3673 frg.
1464 3621 1550 3673 20,
1592 3620 1674 3674 10,
1712 3620 1776 3674 5,
1814 3604 1901 3673 24,
1944 3621 2026 3674 12,
2066 3622 2128 3676 7,
2165 3604 2293 3659 Liv.
2330 3606 2381 3673 8,
2420 3621 2507 3675 39,
2550 3620 2785 3675 11—15;
2824 3621 2911 3675 31,
2953 3622 3037 3673 11,
3073 3606 3133 3672 6;

787 3710 873 3762 33,
923 3709 1008 3763 29,
1063 3708 1158 3745 12:
1211 3691 1444 3760 noxios;
1506 3694 1592 3762 38,
1639 3710 1727 3763 33,
1774 3710 1834 3748 2:
1887 3701 2160 3749 auctores
2212 3692 2601 3763 desectioniS.;
2663 3693 2709 3748 F
2712 3693 2818 3749 lor.
2857 3712 2907 3762 2,
2949 3712 3033 3764 14,
3069 3711 3132 3765 5,

791 3780 964 3836 Oros
984 3781 1037 3850 6,
1080 3797 1164 3850 11,
1206 3797 1301 3835 11:
1335 3787 1635 3836 auctorem
1659 3782 1858 3852 magni
1878 3782 2146 3850 sceleris;
2185 3781 2440 3854 Appian.
2461 3782 2542 3838 Ib.
2562 3799 2658 3853 31,
2694 3800 2794 3853 94,
2833 3781 3135 3852 Mithr.20;

790 3869 1021 3925 Samn.:
1068 3888 1100 3942 7
1141 3867 1360 3922 ἐκδοῦναι
1396 3866 1511 3930 τοὺς
1549 3867 1731 3931 αἰτίους
1767 3877 1861 3943 τῆς
1897 3870 2222 3944 παρανομίας,
2279 3870 2393 3927 Sic.
2413 3873 2473 3941 6,
2532 3872 2701 3929 CaeS.
2729 3872 2783 3927 b.
2807 3871 2875 3928 G.
2897 3891 2947 3944 4,
2972 3873 3053 3942 16,
3074 3890 3134 3943 3,

789 3979 840 4033 7,
876 3963 964 4032 89,
1003 3977 1066 4031 3,
1104 3962 1155 4027 8,
1194 3962 1280 4031 38,
1320 3978 1382 4031 3:
1422 3960 1749 4033 principem
1776 3963 2017 4018 sceleris
2043 3962 2187 4018 illius
2214 3971 2272 4017 et
2299 3962 2717 4018 concitatorem
2751 3963 2912 4033 belli;
2965 3963 3135 4020 Diod.

792 4068 875 4121 19,
914 4053 1000 4122 76,
1037 4068 1100 4121 5:
1157 4046 1271 4110 τοὺς
1313 4046 1405 4123 γὰρ
1444 4047 1624 4111 aiz-ioue,
1659 4056 1753 4123 τῆς
1790 4057 2029 4125 ταραχῆς.
2105 4051 2272 4107 Dion.
2311 4051 2444 4107 Hal.
2487 4070 2569 4122 10,
2608 4069 2707 4123 24;
2765 4051 2949 4108 Tacit.
3002 4069 3134 4106 ann.

793 4157 874 4209 12,
926 4158 1023 4207 20;
1081 4139 1228 4195 Vell.
1267 4140 1495 4195 Patere.
1535 4157 1587 4209 2,
1641 4143 1760 4209 106,
1802 4158 1858 4210 1,
1914 4159 1964 4210 2,
2016 4159 2135 4212 114,
2173 4159 2235 4212 4;
2292 4140 2456 4197 Cass.
2495 4140 2623 4196 Dio.
2664 4140 2771 4212 frg.
2822 4159 2906 4212 12,
2952 4159 3037 4213 49,
3076 4158 3135 4212 5,

789 4246 1019 4300 3ο-35,
1060 4247 1186 4300 111,
1223 4231 1311 4298 68,
1352 4246 1447 4299 11,
1486 4229 1630 4284 Zon.
1669 4248 1719 4302 7,
1758 4248 1816 4301 4,
1853 4231 1905 4300 8,
1948 4248 2031 4301 19.

1007 4317 1050 4388 ⁸)
1092 4318 1253 4374 Cass.
1293 4317 1572 4389 Di0..frg.
1609 4321 1661 4385 8,
1699 4322 1786 4389 36,
1824 4321 1875 4375 8.
1922 4352 1978 4359 —
2022 4319 2067 4390 ⁴)
2107 4319 2361 4392 Appian.
2400 4320 2478 4375 Ib.
2520 4337 2615 4390 13,
2652 4319 2858 4392 Polyb.
2897 4337 2949 4391 3,
2985 4321 3036 4391 8,
3073 4321 3135 4390 8,

790 4425 841 4479 3,
880 4425 966 4478 20,
1004 4409 1056 4463 8.
1104 4441 1157 4449 --
1204 4408 1247 4476 ⁵)
1285 4409 1491 4480 Polyb.
1529 4426 1580 4480 3,
1619 4426 1705 4478 21,
1747 4428 1796 4481 7.
1842 4442 1898 4449 —
1944 4408 1987 4480 ⁶)
2026 4409 2154 4467 Liv.
2193 4428 2279 4482 30,
2317 4427 2403 4482 37,
2446 4428 2530 4482 13.
