3467 5350
1355 588 1799 655 -91-

402 765 556 832 loco
604 764 695 832 de
742 775 968 831 morte
1014 762 1183 831 satis
1229 761 1548 830 fabulosa
1599 760 1788 829 Metti
1837 760 2079 843 Fufeti,
2131 782 2337 848 quem
2385 759 2566 827 fama
2614 782 2758 848 per·

408 883 702 960 vagatur
766 870 1126 959 quadrigis
1186 868 1552 957 religatum
1614 868 1680 936 in
1730 867 2011 936 diversa
2059 868 2458 935 distractum
2510 889 2668 935 esse
2688 869 2758 954 ¹).

404 978 808 1047 Britomaris
874 999 1176 1066 quoque,
1257 975 1618 1045 Senonum
1705 976 1870 1057 dux,
1947 974 2221 1062 legatos
2280 972 2758 1042 Romanorum

404 1085 694 1174 turpiter
742 1096 983 1174 captos
1047 1081 1466 1152 dissecuisse
1527 1083 1746 1151 fertur
1791 1081 2244 1169 membraque
2291 1078 2671 1169 dissipasse
2691 1084 2759 1166 ²),

405 1194 924 1259 Acerranorum
962 1201 1278 1258 senatum
1317 1189 1648 1278 scripturn
1678 1189 2002 1256 videmus
2034 1188 2123 1255 ab
2148 1186 2536 1255 Hannibale
2566 1200 2764 1256 extra

404 1298 677 1366 moenia
742 1308 1110 1365 evocatum
1162 1295 1227 1364 in
1277 1294 1697 1385 profundum
1751 1307 2117 1385 puteorum
2169 1293 2508 1363 abiectum
2560 1296 2762 1363 obru-

403 1417 688 1494 tumque
752 1426 910 1473 esse
931 1405 1001 1487 ²³).
1098 1403 1270 1471 Post
1335 1424 1642 1492 pugnam
1696 1401 2141 1471 Cannensem
2207 1413 2568 1491 captorum
2613 1425 2760 1491 per·

405 1511 781 1580 mutatione
843 1522 1097 1600 negata
1141 1508 1602 1578 Hannibalem
1671 1508 2105 1599 captivorum
2170 1509 2584 1599 corporibus
2638 1508 2760 1577 flu·

403 1617 604 1687 minis
637 1619 911 1686 alveum
947 1616 1340 1707 explevisse
1374 1615 1522 1685 sine
1572 1615 1785 1684 dubio
1833 1615 2185 1683 finxerunt
2201 1620 2272 1700 4).
2369 1614 2759 1684 Nucerinos

401 1724 748 1793 Hannibal
811 1725 1088 1792 hortatu
1149 1746 1282 1791 suo
1344 1745 1500 1791 curn
1566 1722 1745 1791 binis
1794 1721 2223 1791 vestimentis
2288 1723 2532 1791 urbem
2581 1722 2761 1791 inex·

402 1831 894 1922 pugnabilibus
954 1829 1170 1899 muris
1235 1830 1524 1899 cinctam
1573 1852 1910 1919 egressos
1957 1852 2223 1919 vapore
2272 1841 2340 1899 et
2385 1828 2576 1897 fumo
2625 1830 2759 1898 bal-

403 1961 695 2007 neorum
746 1938 1226 2027 strangulasse
1273 1938 1492 2006 fertur
1509 1941 1581 2022 ⁶).

619 2061 943 2133 Iaculis
977 2085 1012 2130 c
1033 2061 1390 2131 onfixos
1423 2084 1582 2130 esse
1615 2062 1797 2130 bello
1831 2073 2075 2151 captos
2115 2063 2395 2152 saepius
2442 2061 2759 2150 legimus.

402 2171 721 2240 Metellus
767 2170 1081 2239 Thraces
1143 2193 1223 2238 ac
1272 2168 1573 2257 Ligures
1620 2169 2019 2257 transfugas
2068 2192 2108 2236 a
2155 2169 2491 2258 Iugurtha
2537 2168 2757 2237 reddi-

401 2291 517 2346 tos
587 2276 831 2368 partim
881 2277 1199 2346 manibus
1249 2275 1612 2356 truncavit,
1677 2274 1925 2365 partim
1975 2275 2038 2343 in
2090 2289 2347 2344 terram
2398 2299 2619 2365 usque
2668 2278 2756 2345 ad

403 2398 717 2453 ventrem
783 2384 1082 2466 defodit;
1150 2397 1294 2453 tum
1358 2406 1532 2452 vero
1594 2381 1865 2470 sagittis
1926 2396 1995 2452 et
2055 2384 2291 2455 iaculis
2341 2386 2429 2453 ab
2479 2386 2755 2453 circum-

401 2504 629 2560 stante
690 2491 998 2560 exercitu
1062 2490 1382 2559 confixos
1446 2489 1934 2580 spirantesque
1999 2492 2202 2561 etiam
2267 2505 2408 2561 tum
2473 2493 2757 2560 admoto

399 2599 543 2689 igni
589 2597 1058 2668 concremavit
1074 2602 1146 2677 ο).
1235 2598 1453 2666 Etiam
1484 2598 1678 2668 Sulla
1705 2621 1921 2689 supra
1960 2612 2120 2668 octo
2160 2599 2340 2668 milia
2380 2600 2756 2681 hominum,

402 2706 563 2795 quia
625 2706 844 2775 maior
902 2728 1067 2796 pars
1131 2719 1491 2796 captorum
1557 2706 1909 2777 Samnites
1981 2720 2197 2791 erant,
2268 2705 2757 2777 iaculatoribus

402 2812 834 2883 conficienda
897 2813 1147 2881 obiecit
1171 2815 1233 2902 ⁷).
1327 2814 1594 2882 Eodem
1669 2837 1875 2898 ann0‚
1946 2828 2319 2907 postquam
2380 2816 2758 2884 Praeneste

402 2921 601 3011 cepit,
664 2920 962 2989 inermes
1011 2920 1203 2990 Sulla
1266 2920 1461 2990 iussit
1508 2921 1794 3011 prodire
1841 2921 1905 2989 in
1958 2945 2316 3012 campum:
2385 2944 2527 3010 quo
2574 2921 2757 2990 facto

403 3027 740 3117 exemptis
801 3027 1164 3110 nonnulliS,
1241 3050 1537 3116 quorum
1601 3028 1789 3096 fideli
1854 3051 2071 3117 opera
2143 3028 2515 3118 aliquando
2588 3050 2757 3096 usus

402 3134 642 3216 fuerat,
709 3134 1014 3223 reliquos
1079 3135 1306 3204 divisit
1370 3135 1715 3204 trifariam.
1813 3136 2196 3225 Postquam
2255 3135 2387 3204 alio
2435 3135 2756 3216 Romani,

404 3242 535 3310 alio
583 3241 953 3325 Samnites,
1019 3241 1152 3311 alio
1214 3242 1645 3312 Praenestini
1704 3256 2170 3325 secesserunt,
2232 3241 2570 3311 Romanis
2632 3264 2759 3332 per

405 3370 822 3438 praeconem
856 3348 1132 3418 monitis
1168 3351 1666 3419 commeruisse
1714 3350 1910 3440 ipsos
1959 3350 2234 3439 quidem
2266 3361 2583 3430 mortem,
2629 3349 2755 3417 sed

404 3468 631 3525 tamen
664 3456 936 3525 veniam
969 3456 1329 3525 habituros
1362 3480 1550 3540 esse;
1601 3475 1878 3527 ceteros
1925 3480 2172 3526 omnes
2221 3456 2476 3545 configi
2522 3455 2758 3524 iaculis

622 3707 662 3777 ¹)
699 3707 830 3763 Liv.
872 3726 918 3777 1,
957 3709 1055 3776 283
1094 3706 1263 3763 Dion.
1302 3709 1435 3764 Hal.
1473 3727 1525 3779 3,
1563 3727 1650 3780 30.

619 3796 662 3867 ²)
703 3796 960 3869 Appian.
999 3796 1199 3853 Samn.
1237 3798 1301 3867 63
1357 3797 1503 3854 Gall.
1548 3817 1629 3854 11.

620 3884 662 3956 ⁸)
701 3885 900 3941 Valer.
941 3885 1096 3941 Max.
1134 3904 1186 3956 9,
1224 3887 1263 3941 6
1300 3895 1415 3942 ext.
1455 3906 1490 3943 2
1501 3905 1517 3957 ς
1576 3886 1742 3943 Cass‚
1774 3887 1903 3942 Dio.
1945 3886 2052 3959 frg.
2096 3904 2180 3959 15,
2218 3904 2306 3958 57,
2344 3904 2445 3957 345
2499 3887 2757 3959 Appian.

401 3973 529 4029 Lib.
566 3976 653 4046 63.

618 4062 663 4133 ⁴)
703 4063 960 4136 Appian.
999 4064 1193 4119 Hann.
1232 4066 1332 4134 283
1370 4065 1496 4120 Lib.
1535 4066 1624 4136 63.

621 4151 664 4221 ⁶)
703 4152 900 4208 Valer.
930 4152 1087 4208 Max.
1124 4171 1177 4225 9,
1215 4154 1253 4207 6
1290 4163 1406 4210 ext.
1445 4172 1510 4224 25
1574 4153 1832 4226 Appian.
1860 4153 1987 4209 Lib.
2025 4155 2098 4225 63
2110 4171 2126 4223 ;
2183 4153 2351 4210 Cass,
2378 4152 2508 4209 Dio.
2552 4169 2633 4224 15,
2670 4169 2758 4225 57,

402 4258 502 4311 343
541 4240 685 4296 Zon.
723 4259 777 4313 9,
814 4260 866 4311 2,
909 4260 991 4298 11.

620 4330 663 4400 ⁸)
703 4331 960 4404 Appian.
999 4331 1169 4388 Num.
1207 4349 1259 4404 3.

621 4419 662 4491 7)
701 4420 957 4494 Appian.
997 4423 1052 4477 b.
1092 4440 1139 4477 c.
1182 4440 1229 4492 1,
1266 4439 1355 4494 93.
