3467 5350
1369 576 1853 645 -115-

437 749 820 819 redimendi
886 749 1064 832 fecit,
1137 752 1324 841 quod
1397 751 1644 820 mirum
1714 776 1854 822 non
1925 765 2049 821 est.
2147 753 2324 822 Nam
2395 755 2462 823 in
2533 755 2785 827 finibus

438 857 736 927 hostiurn
817 880 1149 947 magnum
1237 858 1668 949 captivorum
1748 883 2113 929 numerum
2191 885 2429 931 secum
2510 865 2786 933 trahere

435 988 710 1035 summo
771 978 919 1034 erat
981 988 1121 1033 non
1171 967 1402 1034 ·modo
1450 966 1962 1057 impedimentO,
2027 970 2154 1037 sed
2203 969 2407 1037 etiam
2455 970 2785 1059 periculo.

436 1074 790 1142 Interdum
839 1072 1044 1142 certis
1094 1074 1615 1143 condicionibus
1647 1073 1953 1144 victores
2002 1089 2245 1166 captos
2287 1076 2535 1159 ,redimi
2581 1078 2788 1168 patie-

437 1183 689 1249 bantur
729 1180 843 1248 vel
892 1203 974 1248 ea
1023 1180 1450 1265 condicione,
1513 1193 1586 1249 ut
1648 1181 1738 1250 illi
1786 1194 1981 1251 extra
2027 1182 2284 1252 Italiam
2335 1196 2696 1253 manerent
2716 1192 2784 1266 ¹).

437 1287 652 1356 Etiam
689 1309 862 1377 pace
892 1285 1053 1356 inita
1087 1287 1376 1356 devictis
1405 1298 1715 1377 potestas
1750 1289 1910 1357 data
1944 1301 2048 1357 est
2081 1289 2270 1358 cives
2309 1291 2691 1360 redimendi
2713 1297 2783 1378 2).

437 1393 673 1474 Multa,
735 1416 914 1484 quae
969 1395 1056 1463 ad
1108 1395 1653 1484 redemptionem
1718 1395 2151 1484 captivorum
2208 1397 2566 1487 pertinent,
2631 1422 2785 1488 pro·

437 1501 750 1569 feruntur
794 1500 873 1569 iis
913 1500 1106 1583 locis,
1156 1501 1408 1592 quibus
1454 1502 1543 1570 de
1588 1501 1986 1590 legionibus
2013 1504 2501 1575 Cannensibus
2535 1506 2782 1594 agitur.

434 1607 781 1678 Hannibal
843 1607 1045 1677 etiam
1115 1607 1478 1691 concessit,
1552 1621 1624 1677 ut
1687 1609 2108 1697 legationem
2172 1612 2422 1702 captivi
2483 1615 2781 1683 Romam

435 1715 802 1798 mitterent,
854 1737 1032 1804 quae
1081 1715 1630 1804 redemptionem
1680 1729 2053 1786 conaretur
2098 1719 2469 1810 impetrare
2492 1724 2561 1805 3).
2655 1721 2785 1790 Re-

435 1825 596 1894 dimi
630 1836 951 1915 poterant
987 1825 1166 1915 capti
1212 1825 1484 1916 publice
1533 1837 1651 1894 aut
1697 1850 1785 1895 ex
1818 1827 2106 1916 privatis
2155 1827 2485 1917 impensis
2502 1832 2570 1913 ⁴).
2665 1828 2783 1896 Ad

433 1943 750 2001 senatum
784 1933 1216 2001 referebatur
1249 1934 1335 2001 de
1366 1932 1785 2003 redimendis
1819 1934 2110 2023 captivis
2130 1938 2201 2024 ⁵).
2296 1934 2599 2003 Senatus
2634 1935 2782 2003 red·

434 2040 853 2130 emptionem
916 2064 1178 2130 negare
1241 2039 1551 2130 potuit0).
1657 2041 2134 2110 Clarissimum
2199 2041 2590 2130 exemplum
2656 2053 2780 2123 est,

436 2149 624 2237 quod
674 2148 989 2237 legiones
1037 2148 1447 2218 Cannenses
1495 2170 1633 2216 non
1684 2147 1927 2217 redimi
1974 2148 2227 2237 placuit
2248 2152 2292 2232 ⁷)
2342 2172 2429 2215 ex
2479 2147 2585 2216 bis
2632 2171 2782 2217 cau-

431 2255 560 2325 sis:
615 2256 1008 2345 exemplum
1042 2267 1278 2324 essent
1313 2254 1602 2324 civitatis
1642 2254 1916 2324 minime
1965 2256 2029 2323 in
2080 2255 2394 2345 captivos
2441 2255 2573 2323 iam
2622 2256 2780 2324 inde

432 2361 806 2452 antiquitus
834 2362 1255 2451 indulgentis
1270 2385 1287 2444 ς
1336 2361 1670 2452 pecuniae
1696 2385 1980 2453 quoque
2006 2385 2348 2431 summam
2381 2385 2538 2431 esse
2563 2361 2781 2433 visam

431 2469 783 2552 maiorem,
834 2492 958 2538 nec
990 2481 1308 2539 senatum
1345 2470 1802 2539 Hannibalem
1839 2469 2242 2560 locupletari
2274 2469 2453 2538 velle
2474 2471 2547 2554 ⁸).
2635 2469 2783 2539 Sed

429 2577 497 2645 in
558 2588 804 2645 senatu
852 2576 1193 2645 variatum
1258 2589 1405 2645 erat
1469 2576 1844 2646 sententiis.
1939 2576 2117 2645 Nam
2177 2576 2286 2644 alii
2334 2575 2824 2644 redimendos-

429 2686 518 2754 de
577 2684 874 2775 public0,
941 2684 1049 2753 alii
1111 2684 1361 2752 nullam
1425 2685 1698 2775 publice
1760 2684 2140 2775 impensam
2204 2683 2586 2754 faciendam
2650 2705 2780 2751 nec

429 2792 905 2882 prohibendos
939 2815 1027 2860 ex
1060 2792 1333 2881 privato
1365 2793 1629 2875 redimi,
1678 2791 1739 2860 si
1772 2792 2024 2882 quibus
2057 2802 2427 2881 argentum
2474 2791 2541 2858 in
2588 2813 2779 2880 prae·

429 2899 647 2967 sentia
682 2899 981 2982 deesset,
1031 2899 1330 2967 dandam
1366 2922 1452 2967 ex
1479 2898 1749 2992 aerario
1797 2898 2160 2988 pecuniam
2211 2911 2538 2982 mutuam,
2587 2920 2779 2987 prae-

430 3005 772 3094 dibusque
822 3029 902 3073 ac
949 3005 1250 3094 praediis
1299 3006 1687 3074 cavendum
1751 3005 2013 3095 populo
2075 3010 2573 3091 censuerant9).
2669 3004 2778 3074 De

430 3113 679 3181 eodem
726 3124 1012 3181 senatus
1059 3113 1378 3181 consulto
1427 3112 1793 3203 Appianus
1814 3118 1891 3196 1⁰)
1955 3113 2128 3180 haec
2190 3112 2566 3181 memoriae
2625 3135 2780 3202 pro-

431 3220 635 3289 didit:
700 3223 767 3285 οἱ
814 3221 950 3306 μὲν
998 3223 1102 3286 οὐκ
1146 3220 1351 3309 ἠξίουν
1399 3223 1488 3287 ἐπὶ
1535 3224 1801 3286 τοσαῖσδε
1849 3230 2182 3311 συμφοραῖς
2224 3223 2455 3296 ἄλλους
2502 3224 2778 3286 τοσούσδε

432 3329 722 3418 βλαβῆναι
757 3330 866 3416 τὴν
898 3330 1086 3407 πόλιν,
1122 3328 1253 3394 οὐδὲ
1284 3331 1539 3403 δούλους
1572 3328 1676 3414 μέν
1710 3330 2081 3418 ἐλευθεροῦν,
2131 3329 2278 3404 τοὺς
2314 3329 2376 3393 δέ
2418 3330 2778 3418 ἐλευθέρους

430 3437 735 3526 ὑπερορᾶν,
802 3438 855 3500 οἱ
901 3434 950 3500 δ’
995 3437 1098 3500 οὐκ
1157 3433 1343 3524 ᾤοντο
1402 3438 1519 3500 δεῖν
1568 3434 1789 3510 αὐτοὺς
1838 3437 2060 3510 ἐθίζειν
2108 3434 2257 3523 τῷδε
2305 3434 2391 3523 τῷ
2438 3438 2591 3523 ἐλέῳ
2640 3438 2779 3525 φευ-

430 3567 565 3629 γειν,
630 3545 767 3607 ἀλλ’
816 3546 856 3629 ἢ
903 3553 1061 3608 νικᾶν
1124 3547 1499 3632 μαχομένους
1561 3546 1601 3631 ἢ
1665 3545 2054 3632 ἀποθνήσκειν
2102 3543 2194 3618 ὡς
2241 3544 2345 3607 οὐκ
2390 3546 2454 3607 ὂν
2502 3543 2621 3608 οὐδ’
2671 3544 2778 3608 ὑπὸ

429 3657 547 3713 τῶν
609 3653 832 3715 οἰκείων
894 3652 1183 3715 ἐλεεῖσθαι
1240 3651 1340 3714 τὸν
1388 3655 1667 3739 φυγόντα.
1731 3653 1973 3716 πολλῶν
2036 3650 2099 3716 δέ
2160 3652 2642 3740 παραδειγμάτων
2706 3652 2776 3726 ἐς

431 3757 680 3846 ἑκάτερα
724 3758 1086 3845 λεχθέντων,
1136 3759 1238 3821 οὐκ
1285 3758 1599 3847 ἐπέτρεψεν
1640 3761 1680 3846 ἡ
1734 3759 1922 3845 βουλὴ
1970 3768 2101 3833 τοῖς
2148 3762 2441 3844 συγγενέσι
2486 3759 2778 3823 λύσασθαι

646 3897 687 3968 ¹)
728 3898 893 3956 CaSS.
951 3899 1080 3955 Dio.
1134 3903 1222 3971 56,
1277 3917 1364 3969 22,
1426 3919 1477 3970 4.
1541 3929 1598 3940 —
1668 3899 1710 3971 ²)
1751 3901 1893 3955 Zon.
1932 3901 1984 3970 8,
2039 3919 2120 3972 17.
2186 3933 2241 3942 -
2306 3899 2349 3970 8)
2387 3900 2515 3955 Liv.
2554 3918 2640 3970 22,
2678 3918 2779 3971 593

425 3978 685 4050 Appian.
725 3978 915 4035 Hann.
953 3983 1051 4050 28;
1118 3979 1264 4036 Gell.
1304 3980 1371 4035 N.
1409 3980 1483 4036 A.
1522 3984 1574 4050 6,
1618 3981 1701 4052 18,
1740 3999 1775 4035 2
1786 3999 1803 4050 ;
1867 3982 2064 4037 Valer.
2102 3981 2257 4036 Max.
2296 3999 2348 4051 2,
2386 3999 2437 4052 7,
2478 3999 2545 4052 15
2558 3999 2575 4050 3
2632 3982 2778 4036 Zon.

394 4077 477 4130 Ἴ9,
516 4077 567 4115 2.
624 4091 693 4099 —
750 4059 795 4129 ⁴)
836 4059 905 4114 cs.
944 4060 1071 4115 Liv.
1108 4078 1195 4130 22,
1250 4064 1338 4130 60,
1396 4079 1432 4131 3
1443 4078 1460 4130 ;
1525 4060 1684 4134 App.
1743 4062 1938 4119 Hann.
1976 4065 2075 4132 285
2140 4061 2304 4119 CaSS.
2362 4060 2490 4117 Dio,
2545 4064 2633 4133 56,
2690 4080 2777 4132 22,

425 4166 492 4217 4,·
526 4148 769 4220 Eutrop.
788 4167 841 4218 2,
879 4167 965 4220 27,
1003 4169 1054 4220 4.
1100 4182 1153 4189 —
1202 4148 1244 4219 ¹⁵)
1283 4149 1521 4220 Liv.22,
1558 4153 1648 4220 61,
1688 4169 1738 4223 7.
1785 4184 1840 4191 —-
1886 4151 1929 4218 ⁶)
1967 4150 2096 4207 Liv.
2117 4167 2204 4223 25,
2241 4152 2293 4222 6,
2336 4168 2418 4222 14.
2465 4183 2519 4191 —
2568 4150 2609 4221 Ἰ)
2649 4150 2777 4206 Liv.

425 4255 512 4307 22,
550 4241 638 4307 61,
676 4255 740 4308 33
795 4237 953 4310 App.
992 4238 1184 4293 Hann.
1224 4241 1318 4308 283
1377 4238 1523 4295 Gell.
1562 4239 1630 4294 N.
1668 4240 1743 4295 A.
1781 4244 1833 4310 6,
1889 4243 1971 4311 18,
2022 4258 2056 4294 2
2068 4259 2083 4310 ;
2138 4241 2266 4296 Liv.
2306 4258 2431 4313 per.
2470 4259 2543 4295 22
2555 4258 2571 4310 ς
2627 4241 2777 4296 Plut.

425 4327 603 4382 Marc.
629 4345 711 4398 13,
750 4346 783 4397 4
794 4345 810 4397 ;
849 4327 948 4383 Sil.
970 4328 1089 4384 Ital.
1133 4346 1214 4398 10,
1251 4329 1477 4401 6501'535
1517 4330 1725 4402 Polyb.
1759 4330 1867 4402 frg.
1904 4334 1955 4398 6,
1994 4334 2082 4403 58,
2124 4348 2360 4400 10—12;
2397 4329 2594 4386 Valer.
2621 4331 2777 4386 Max.

425 4433 475 4486 2,
497 4435 547 4493 7,
573 4434 637 4493 15
647 4433 663 4487 ;
702 4417 846 4473 Zon.
866 4436 918 4493 9,
939 4434 988 4471 2.
1011 4450 1066 4457 —
1092 4416 1133 4489 ⁸)
1165 4417 1291 4472 Liv.
1313 4421 1507 4491 22,61,
1528 4437 1578 4494 3.
1617 4452 1671 4460 —
1708 4418 1753 4494 ⁹)
1782 4419 2016 4490 Liv.22,
2042 4421 2130 4489 60,
2168 4437 2219 4488 4.
2267 4450 2321 4457 —
2371 4419 2436 4489 ¹⁹)
2466 4419 2659 4476 Hann.
2690 4424 2776 4480 28.

2497 4526 2562 4589 8.
