3467 5350
1361 563 1785 651 ..89-

601 758 848 848 Neque
885 757 1110 827 minus
1158 771 1362 848 turpe
1410 769 1558 825 erat
1590 758 1859 825 Romae
1908 758 2007 826 de
2055 780 2258 826 saxo
2310 757 2549 841 deici,
2600 779 2737 846 qua

387 887 614 955 poena
641 865 939 934 Romani
973 864 1364 932 afficiebant
1396 864 1618 954 capite
1649 863 2041 953 puniendos
2083 887 2336 934 servos
2383 865 2735 1003 perfugas-

389 994 525 1060 que
572 985 774 1041 antea
823 971 1042 1060 virgis
1090 994 1338 1040 caesos
1360 978 1429 1054 1)

599 1078 668 1147 H
685 1103 725 1148 a
742 1102 777 1147 s
796 1081 837 1147 d
859 1103 892 1147 r
912 1102 955 1147 u
976 1081 1019 1147 b
1037 1079 1112 1146 al
1150 1101 1430 1168 quoque
1464 1078 1528 1146 in
1563 1100 1839 1147 summo
1865 1078 2263 1154 &discrimine
2294 1078 2740 1168 Carthaginis

388 1188 725 1255 obsessae
789 1186 1105 1274 captivos
1149 1184 1513 1253 Romanos
1559 1197 1717 1253 ante
1768 1184 2114 1253 mutilatos
2162 1184 2739 1273 excruciatosque

387 1293 475 1360 de
507 1293 872 1361 moenibus
905 1290 1170 1373 deiecit,
1220 1303 1295 1358 ut
1328 1313 1603 1359 omnem
1637 1290 2035 1380 sponsionis
2068 1313 2264 1381 spem
2298 1291 2648 1361 dirimeret
2668 1295 2736 1374 ¹).

609 1416 1122 1488 Gravissimum
1150 1416 1463 1506 supplicii
1485 1440 1710 1504 genus
1738 1430 1885 1485 erat
1917 1415 2097 1505 igni
2128 1416 2393 1499 necari;
2428 1418 2515 1485 ad
2550 1417 2736 1504 quod

388 1524 684 1593 Romani
721 1546 1013 1614 perraro
1047 1522 1537 1612 profugerunt:
1590 1545 1714 1591 eos
1751 1533 2016 1591 tantum
2068 1523 2209 1611 igni
2256 1524 2735 1643 admoverunt,

388 1633 521 1720 qui
554 1653 881 1718 magnum
931 1629 1424 1698 commiserant
1467 1629 1755 1698 facinus,

601 1738 888 1826 Ignibus
955 1738 1383 1805 necabantur
1449 1736 1628 1826 capti
1690 1758 1730 1803 a
1790 1736 2117 1805 Poenis
2182 1737 2461 1827 saepius
2530 1758 2735 1825 quam

388 1869 430 1915 a
498 1846 854 1915 Romanis.
949 1844 1300 1913 Hannibal
1370 1843 1563 1912 Dasii
1633 1845 2015 1928 cuiusdam,
2089 1844 2493 1913 defectionis
2563 1843 2737 1935 prin·

387 1953 578 2043 cipis,
652 1953 1010 2022 mulierem
1086 1965 1152 2020 et
1222 1951 1480 2020 liberos
1551 1951 1757 2019 vivos
1827 1951 1953 2020 iaci
2023 1951 2087 2020 in
2159 1952 2474 2021 flammas
2545 1952 2741 2021 iussit

386 2083 660 2129 summo
723 2060 888 2128 odio
944 2059 1012 2127 in
1060 2058 1486 2149 proditorem
1539 2058 1860 2128 incensus
1880 2061 1950 2143 ⁸).
2045 2057 2311 2126 Eodem
2362 2060 2575 2127 modo
2623 2081 2738 2149 pu.-

388 2167 553 2235 nivit
586 2166 1003 2236 Tisiensium
1041 2165 1409 2256 principe5‚
1460 2167 1575 2253 qui
1608 2165 1852 2254 perfidi
1894 2165 2065 2234 socii
2100 2165 2498 2235 Poenorum
2548 2189 2738 2257 prae·

382 2274 634 2343 sidium
714 2274 1200 2343 interfecerant
1264 2295 1492 2362 neque
1552 2273 1915 2342 Romanos
1991 2274 2305 2365 accipere
2387 2273 2740 2342 dubitave-

387 2394 542 2450 rant
561 2385 634 2467 4).
753 2382 939 2468 Quid
1020 2382 1288 2463 mirum,
1371 2381 1559 2469 quod
1633 2379 2109 2471 Vespasianus
2182 2381 2536 2464 Ionathan,
2617 2380 2735 2469 qui

384 2489 683 2557 Iudaeus
716 2488 1146 2576 Cyrenensis
1178 2488 1350 2556 falso
1376 2487 1631 2560 indicio
1656 2488 1960 2578 pollutus
1987 2501 2135 2557 erat
2158 2490 2499 2577 sanguine
2533 2489 2734 2558 trium

385 2596 643 2664 milium
675 2595 1113 2679 Iudaeorum,
1163 2617 1434 2663 summa
1474 2595 1575 2663 ira
1623 2608 2015 2665 commotus
2064 2596 2260 2665 iussit
2307 2596 2741 2675 comburi⁶)?

385 2703 532 2773 Sed
583 2703 796 2792 longe
842 2702 1068 2786 distat,
1118 2704 1308 2791 quod
1342 2702 1543 2771 Titus
1591 2703 1653 2771 in
1705 2704 2045 2772 honorem
2093 2703 2478 2772 Domitiani
2513 2702 2740 2773 fratris

386 2812 642 2879 multos
679 2811 976 2879 Iudaeos
1028 2810 1169 2899 igni
1205 2812 1537 2879 cremavit
1553 2815 1622 2896 ⁶).
1719 2811 2156 2880 Mithridates
2188 2834 2363 2880 vero
2410 2810 2741 2903 perfugas

385 2929 708 3007 receptos
778 2919 1131 3006 quondam
1202 2917 1267 2985 in
1340 2939 1616 2986 crucem
1687 2916 1968 2987 effossis
2033 2918 2248 2987 oculis
2339 2919 2597 3007 agebat
2674 2932 2742 2986 et

384 3025 566 3093 vivis
630 3024 856 3117 adhuc
919 3025 1150 3112 ignem
1215 3024 1599 3093 subiciebat
1623 3029 1688 3108 ⁷).
1784 3025 2059 3093 Piratae
2124 3047 2408 3115 quoque
2460 3024 2741 3115 saepius

386 3143 632 3221 captos
701 3131 765 3200 in
837 3130 1069 3219 ignem
1144 3132 1349 3200 vivos
1421 3132 1758 3199 videntur¹
1817 3131 2232 3221 imposuisse
2250 3135 2321 3220 ⁸).
2416 3130 2739 3220 Denique

338 3316 347 3323 ,
387 3240 661 3322 addam,
713 3261 892 3327 quae
926 3238 1282 3321 ProcilluS,
1337 3238 1452 3327 qui
1485 3261 1524 3305 a
1557 3237 1931 3307 Germanis
1965 3251 2207 3328 captus
2241 3240 2328 3307 ad
2360 3238 2738 3308 Caesarem

385 3345 662 3434 fugiens
690 3346 1032 3429 venit,.de
1079 3346 1185 3414 his
1233 3347 1557 3426 narravit,
1612 3345 1738 3414 nisi
1787 3345 1965 3417 forte
2016 3346 2167 3436 quis
2204 3358 2397 3435 putat
2444 3347 2580 3415 hoc
2626 3368 2741 3435 po·-

387 3453 522 3522 tius
554 3455 639 3521 ad
671 3453 1176 3522 immolationes
1223 3453 1602 3543 pertinere:
1648 3478 1721 3520 se
1755 3462 2117 3541 praesente
2164 3458 2246 3521 de
2282 3476 2360 3520 ‘se
2404 3462 2510 3521 ter
2549 3456 2742 3520 sorti-

391 3562 511 3626 bus
571 3565 969 3636 consultum,
1037 3568 1272 3627 utrum
1338 3563 1492 3649 zgrnz'
1544 3564 1802 3627 statim⁴
1839 3569 2204 3628 necaretur
2263 3585 2356 3626 an
2422 3563 2495 3626 in
2552 3562 2753 3627 aliud

389 3673 653 3754 tempus
696 3675 1191 3734 reservaretur:
1250 3669 1554 3734 sortz'um'
1588 3670 1905 3756 beneficio
1948 3692 2021 3734 se
2067 3692 2206 3735 esse
2250 3669 2650 3734 incolumem
2669 3672 2743 3751 ⁹).

601 3791 920 3859 Alienum
987 3776 1236 3860 erata
1284 3792 1787 3861 consuetudine
1835 3776 2313 3861 Romanorum
2375 3812 2742 3860 veneno

387 3898 483 3965 uti
553 3898 641 3965 ad
706 3899 1021 3987 captivos
1084 3893 1511 3989 puniendos.
1572 3922 1778 3988 quem
1842 3922 2106 3968 morem
2175 3901 2359 3988 apud
2425 3898 2743 3968 Graecos

604 4061 644 4131 ¹)
681 4061 810 4116 Liv.
850 4077 939 4130 24,
976 4078 1064 4130 20,
1101 4062 1138 4114 6
1148 4079 1165 4131 ;
1204 4061 1376 4116 Diod.
1416 4061 1524 4132 frg.
1562 4079 1650 4133 34,
1689 4080 1744 4130 2,
1781 4079 1868 4116 21.

603 4149 645 4221 ²)
686 4149 993 4204 ἅδιάλλακτα
1017 4154 1121 4212 τοῖς
1146 4149 1509 4225 Καρχηδονίοις
1526 4149 1589 4204 τὰ
1609 4150 1663 4212 ἐς
1676 4147 1963 4223 Ῥωμαίους
1982 4148 2190 4203 ἐπινοῶν
2203 4148 2459 4220 Appian.
2479 4148 2606 4204 Lib.
2624 4149 2741 4203 118.

602 4238 645 4309 ⁸)
687 4239 944 4312 Appian.
965 4240 1159 4297 Hann.
1179 4258 1266 4311 31.
1311 4274 1367 4281 -
1412 4239 1457 4310 ⁴)
1487 4240 1744 4312 Appian.
1769 4239 1964 4295 Hann.
1984 4256 2071 4309 44.
2110 4268 2182 4277 —
2220 4237 2263 4307 ⁸)
2293 4237 2523 4309 Ioseph.
2544 4239 2600 4292 b.
2620 4237 2660 4292 I.
2691 4255 2742 4310 7,

391 4345 473 4398 11,
509 4345 562 4400 3.
609 4361 665 4370 —
711 4328 755 4398 ⁸)
793 4329 1025 4400 Ioseph.
1067 4330 1121 4384 b.
1161 4329 1201 4384 Ι.
1243 4348 1295 4402 7,
1332 4347 1383 4400 3,
1425 4348 1472 4385 1.
1519 4362 1575 4370 —
1623 4329 1664 4399 ⁷)
1703 4327 2176 4400 Appian.Mithr.
2212 4344 2302 4398 97.
2348 4360 2404 4367 —
2450 4325 2493 4399 ⁸)
2534 4326 2743 4383 Senec.

386 4417 461 4473 de
500 4418 666 4472 clem.
704 4434 755 4486 2,
793 4434 845 4487 4,
882 4433 933 4472 2.
978 4449 1035 4457 -
1080 4416 1123 4487 ⁹)
1163 4416 1332 4472 Caes.
1372 4419 1428 4473 b.
1470 4416 1539 4473 G.
1582 4435 1629 4486 1,
1666 4433 1755 4489 53,
1798 4417 1852 4473 6.
