3467 5350
1375 588 1632 666 ...17
1733 609 1828 627 -s-

417 780 759 859 sacratae,
830 777 1130 845 indicant
1170 776 1497 863 foedera,
1570 775 1806 864 quibus
1867 777 2068 843 etz'am
2116 800 2266 843 cum
2297 777 2505 845 ‘hoste
2550 766 2771 844 devin-

416 888 592 953 citur
602 885 803 972 fides
822 884 887 973 ¹).
967 883 1193 971 Atque
1223 886 1425 951 etiam
1469 885 1538 951 si
1567 884 1731 971 quid
1757 884 2025 973 singuli
2050 883 2461 971 temporibus
2494 884 2781 952 adducti

415 994 604 1061 hosti
631 994 1121 1080 promiserunt,
1170 1001 1272 1060 est
1316 994 1385 1059 in
1433 1015 1509 1059 eo
1556 993 1702 1080 ῥύεο
1731 992 1932 1079 fz'des
1978 991 2451 1059 conservanda
2474 996 2542 1076 ²).
2625 990 2770 1062 Sed

422 1122 578 1168 cum
623 1099 845 1190 pirata
890 1123 1009 1168 nec
1034 1100 1235 1187 fides
1279 1099 1471 1167 debet
1498 1123 1616 1167 nec
1643 1099 2126 1166 iusiurandum
2160 1122 2298 1167 esse
2326 1123 2674 1167 commune
2696 1103 2770 1186 3).

423 1206 928 1296 Quaecumque
975 1206 1351 1274 memoriae
1399 1204 1702 1296 prodidit
1752 1204 2003 1274 Cicero
2071 1204 2258 1274 haud
2306 1205 2545 1294 paucis
2594 1207 2771 1275 testi·

419 1313 665 1382 moniis
730 1325 1122 1382 ceterorum
1185 1326 1548 1382 auctorum
1613 1311 1933 1381 videmus
2002 1311 2360 1381 affirmata.
2455 1313 2772 1400 Pyrrhus

425 1444 548 1489 rex
596 1419 915 1490 Fabricio
965 1419 1280 1511 captivos
1330 1419 1688 1502 commisit,
1756 1431 1850 1503 ut,
1900 1419 1957 1487 si
2004 1431 2290 1487 senatus
2338 1443 2578 1510 pacem
2630 1443 2772 1489 non

418 1528 877 1611 decrevisset,
966 1528 1278 1597 salutatis
1366 1528 1602 1597 amicis
1694 1541 1763 1597 et
1837 1526 2323 1597 Saturnalibus
2409 1527 2770 1596 celebratis

420 1636 509 1704 ad
571 1659 649 1704 se
716 1636 1249 1709 remitterentur.
1343 1636 1412 1703 A
1461 1648 1708 1704 senatu
1760 1657 1932 1703 vero
1981 1645 2146 1703 sunt
2192 1634 2458 1703 remissi
2509 1634 2771 1703 mortis·

418 1766 553 1831 que
623 1744 1029 1834 supplicium
1076 1744 1179 1829 iis,
1255 1744 1372 1834 qui
1420 1767 1559 1811 non
1611 1741 2000 1824 rediissent,
2069 1740 2516 1810 constitutum
2566 1754 2673 1812 est
2696 1748 2769 1828 ⁴).

417 1850 689 1919 Deinde
737 1852 1169 1940 praeclarum
1220 1863 1326 1920 est
1358 1850 1520 1919 illud
1555 1849 1721 1918 Atili
1756 1848 2027 1937 Reguli,
2079 1848 2216 1937 qui,
2263 1871 2417 1917 cum
2450 1849 2771 1918 retinere-

416 1971 545 2042 tur,
617 1960 704 2027 ad
771 1958 1181 2049 supplicium
1230 1958 1459 2027 redire
1506 1957 1741 2026 maluit
1791 1980 1998 2048 quam
2046 1956 2255 2025 fidem
2304 1956 2486 2026 hosti
2534 1959 2765 2026 datam

415 2066 652 2134 fallere
681 2067 753 2154 ὖ).
892 2065 1009 2134 Ille
1077 2090 1239 2134 vero
1308 2089 1443 2133 non
1513 2065 1742 2133 debuit
1808 2066 2230 2133 condiciones
2286 2068 2771 2154 pactionesque

416 2173 690 2241 bellicas
736 2182 801 2241 et
844 2174 1118 2241 hostiles
1153 2172 1565 2260 perturbare
1601 2173 1934 2260 periurio,
2037 2170 2201 2240 Cum
2260 2175 2438 2240 iusto
2485 2175 2660 2240 enim
2708 2182 2774 2241 et

414 2281 719 2370 legitimo
765 2280 955 2347 hoste
1002 2303 1115 2347 res
1153 2279 1550 2369 gerebatur,
1623 2280 1963 2347 adversus
2034 2303 2224 2367 quem
2293 2289 2357 2348 et
2400 2289 2613 2348 totum
2661 2283 2769 2349 ius

420 2390 650 2456 fetiale
710 2397 777 2456 et
834 2388 1048 2456 multa
1108 2397 1272 2456 sunt
1338 2390 1496 2456 iura
1540 2389 1924 2456 communia
1946 2392 2023 2461 6).
2137 2387 2374 2475 Neque
2418 2412 2581 2457 vero
2628 2400 2770 2456 tum

412 2493 786 2586 ignorabat
831 2496 1198 2583 (Regulus)
1246 2520 1317 2566 se
1364 2495 1465 2563 ad
1504 2496 2050 2563 crudelissimum
2097 2495 2358 2563 hostem
2407 2504 2473 2562 et
2516 2496 2617 2563 ad
2657 2519 2767 2563 ex-

412 2605 655 2691 quisita
700 2606 1034 2693 supplicia
1070 2603 1435 2695 proficisci,
1483 2604 1612 2671 sed
1668 2604 2162 2671 iusiurandum
2219 2604 2766 2671 con-servandum

401 2711 715 2799 putabat.
819 2712 1061 2799 Itaque
1131 2721 1295 2794 tum,
1367 2736 1519 2779 cum
1588 2713 1947 2801 vigilando
2018 2710 2406 2793 necabatur,
2478 2720 2631 2779 erat
2697 2713 2768 2779 in

411 2821 685 2887 meliore
720 2843 959 2902 causa,
1011 2844 1217 2906 quam
1264 2822 1333 2887 si
1371 2820 1564 2887 domi
1605 2843 1813 2888 senex
1858 2820 2187 2907 captivuS,
2226 2821 2566 2907 periurus
2611 2842 2765 2887 con-

409 2928 674 2994 sularis
730 2929 1178 2995 remansisset
1202 2932 1272 3012 ⁷).
1390 2926 1713 3015 Denique
1785 2938 1861 2994 ut
1906 2949 2021 2995 res
2071 2926 2321 2995 clarius
2368 2925 2764 3010 illustretur,

414 3055 637 3123 pauca
723 3033 976 3101 addam
1064 3034 1154 3103 de
1223 3033 1467 3122 legatis
1551 3035 1638 3101 ab
1709 3034 2099 3102 Hannibale
2180 3046 2341 3125 post
2411 3033 2765 3102 victoriam

414 3139 504 3207 ad
553 3138 833 3208 Cannas
899 3151 1321 3229 reportatam
1386 3140 1698 3230 captivos
1761 3140 2143 3210 redimendi
2212 3164 2422 3210 causa
2469 3141 2764 3209 Romam

415 3245 666 3315 missis,
744 3247 1091 3317 Hannibal
1124 3247 1527 3337 priusquam
1579 3247 2210 3338 proficiscerentur,
2258 3251 2390 3317 hoc
2438 3248 2768 3317 iusiuran-

419 3355 584 3422 dum
616 3377 741 3423 eos
771 3354 1006 3444 adegit
1035 3355 1383 3423 redituros
1412 3378 1490 3424 se
1519 3354 1584 3424 in
1619 3369 1845 3424 castra
1876 3356 2136 3425 Punica
2163 3380 2343 3439 esse,
2384 3356 2442 3424 si
2471 3356 2770 3425 Romani

416 3461 732 3552 captivos
804 3485 945 3531 non
1018 3475 1511 3552 permutarent.
1605 3464 1709 3531 Ex
1777 3464 1882 3532 his
1952 3476 2390 3533 reverterunt
2435 3463 2765 3554 plerique,

414 3593 591 3638 unus
639 3570 752 3638 vel
824 3570 1129 3638 nonnulli
1200 3571 1644 3639 iureiurando
1717 3571 1896 3639 mala
1968 3571 2106 3639 fide
2172 3571 2429 3640 violato
2497 3572 2767 3639 Romae

416 3689 919 3746 remanserunt.
1036 3677 1146 3745 De
1211 3700 1504 3746 numero
1574 3678 2014 3768 periurorum
2077 3691 2399 3747 auctores
2465 3677 2641 3747 inter
2687 3701 2767 3748 se

627 3823 665 3891 ¹)
727 3823 843 3879 Cic.
884 3822 981 3879 off.
1022 3841 1072 3893 3,
1116 3841 1246 3893 1113
1283 3841 1334 3894 3,
1377 3841 1495 3895 107.

627 3912 670 3978 ²)
731 3912 847 3969 Cic.
890 3913 988 3968 off.
1030 3931 1076 3982 1,
1115 3930 1202 3983 39.

627 4001 670 4067 ⁸)
727 4001 843 4059 Cic.
882 4003 979 4058 off.
1018 4020 1068 4073 3,
1113 4021 1232 4074 107.

625 4089 669 4156 ⁴)
729 4090 878 4148 Plut.
916 4091 1126 4163 Pyrrh.
1166 4110 1252 4162 20,
1289 4110 1327 4162 9
1339 4109 1355 4160 ς
1395 4092 1649 4165 Appian.
1690 4092 1893 4148 Samn.
1937 4111 2018 4163 10,
2056 4110 2106 4164 3.

626 4176 667 4246 ι5)
727 4178 841 4234 Cic.
902 4180 998 4235 off.
1058 4199 1105 4235 1.
1162 4199 1262 4251 393
1325 4181 1424 4238 Sil.
1465 4181 1531 4238 It.
1585 4185 1638 4251 6,
1676 4200 1813 4253 4715
1877 4182 2038 4238 Cass,
2079 4182 2206 4239 Dio.
2248 4182 2353 4253 frg.
2396 4199 2478 4252 11,
2530 4200 2615 4253 43,
2666 4185 2762 4251 263

396 4267 552 4323 ‘Zon.
589 4270 641 4337 8,
685 4285 766 4339 14,
809 4284 875 4340 15
887 4287 903 4339 3
941 4269 1064 4326 Liv.
1104 4288 1228 4341 per.
1271 4273 1338 4326 18
1350 4287 1366 4340 3
1407 4272 1481 4326 de
1522 4271 1628 4327 vir.
1668 4271 1745 4326 ill.
1783 4289 1870 4343 40,
1909 4292 1959 4344 4.

623 4356 665 4425 ο)
724 4357 840 4414 Cic.
883 4357 979 4415 off.
1017 4375 1069 4428 3,
1112 4361 1233 4414 108.

623 4445 664 4514 ⁷)
723 4446 840 4503 Cic.
879 4447 976 4505 off.
1014 4465 1065 4518 3,
1120 4448 1366 4518 ῙοοΙῙοΙ.
