3467 5350
1700 590 2146 662 —16-...

743 791 950 859 verba
999 790 1197 858 aliud
1245 813 1420 859 nunc
1494 792 1886 874 ostendunt,
1964 793 2161 862 aliud
2225 798 2380 860 ante
2452 790 2959 884 significabant,
3027 798 3105 863 ut

743 895 1072 977 hostz‘s,·
1135 921 1298 966 nam
1350 908 1491 966 tum
1540 923 1615 966 eo
1662 898 1865 967 verbo
1913 900 2223 968 dicebant
2252 903 2724 990 peregrinum,
2790 904 2915 991 qui
2953 904 3101 970 suis

752 1006 1018 1097 legibus
1065 1014 1388 1088 uteretur,
1450 1030 1625 1074 nunc
1673 1007 1906 1075 dicunt
1949 1031 2120 1089 eum,
2171 1032 2369 1097 quem
2417 1018 2559 1076 tum
2606 1010 2917 1078 dicebant
2944 1021 3099 1100 per·

743 1115 1049 1182 duellem.
1136 1113 1384 1182 Cicero
1406 1121 1484 1197 ¹):
1536 1113 1873 1204 Equidem
1902 1116 2104 1182 etiam
2134 1116 2312 1183 illud
2333 1118 2836 1199 animadverto,
2888 1119 3092 1207 quod,

747 1224 871 1311 qui
917 1222 1205 1311 proprio
1276 1223 1543 1289 nomine
1600 1223 1976 1310 perduellis
2046 1232 2242 1302 esset,
2311 1226 2372 1290 is
2431 1224 2651 1292 hostis
2714 1235 3096 1308 vocaretur,

743 1331 1012 1399 lenitate
1080 1330 1271 1398 verbi
1332 1332 1439 1397 rei
1495 1330 1845 1397 tristitiam
1892 1332 2303 1420 mitigatam.
2399 1331 2645 1400 Hostis
2692 1334 2866 1401 enim
2914 1335 3105 1423 apud

746 1441 1046 1507 maiores
1078 1447 1355 1507 nostros
1384 1440 1445 1506 is
1476 1438 1844 1520 dicebatur,
1895 1462 2091 1528 quem
2116 1463 2294 1508 nunc
2315 1442 2765 1530 peregrinum
2789 1442 3097 1510 dicimus.

745 1546 1065 1614 Indicant
1110 1545 1263 1613 XII
1303 1546 1611 1613 tabulae:
1657 1549 1808 1614 Aut
1848 1555 2075 1614 status
2121 1547 2268 1614 dies
2313 1571 2465 1615 cum
2512 1549 2736 1616 hoste:
2783 1550 3063 1637 itemque
3075 1576 3099 1614 .-

746 1655 1111 1722 Adversus
1174 1653 1433 1721 hostem
1482 1662 1763 1721 aeterna
1813 1655 2209 1721 auctoritas.
2308 1655 2504 1739 Quid
2545 1655 2645 1721 ad
2684 1656 2859 1724 hanc
2905 1680 3093 1724 man·

743 1762 1170 1830 suetudinem
1232 1762 1408 1828 addi
1453 1769 1699 1849 potest,
1752 1785 1924 1835 eum,
2002 1784 2289 1850 quocum
2359 1761 2602 1830 bellum
2640 1785 2880 1851 geras,
2954 1772 3097 1831 tam

743 1870 937 1936 molli
975 1871 1243 1936 nomine
1288 1870 1686 1955 appellare?
1730 1868 2177 1957 Quamquam
2225 1869 2302 1936 id
2329 1892 2570 1936 nomen
2605 1870 2853 1937 durius
2886 1872 3101 1961 effecit

742 1979 881 2044 iam
954 1985 1294 2054 vetustas;
1368 2000 1411 2043 a
1470 1977 1845 2065 peregrino
1905 1978 2079 2043 enim
2127 1977 2407 2043 recessit
2449 1983 2515 2042 et
2545 1977 2829 2062 proprie
2875 1978 2946 2044 in
2993 2001 3088 2059 e0,

746 2087 872 2175 qui
934 2108 1137 2151 arma
1208 2092 1446 2151 contra
1493 2085 1745 2171 ferret,
1818 2085 2169 2151 remansit.
2287 2082 2483 2152 Sicut
2557 2081 2806 2151 Cicero
2878 2086 3097 2153 verba

741 2192 900 2260 facit
977 2192 1065 2260 de
1142 2192 1324 2259 bello
1393 2190 1606 2273 iust0,
1686 2191 1776 2258 ita
1855 2193 2058 2259 etiam
2134 2192 2406 2260 hostem
2477 2192 2731 2259 iustum
2801 2202 2870 2259 et
2936 2193 3097 2281 legi-

742 2303 979 2368 timum
1057 2300 1355 2390 appellat
1381 2301 1448 2389 5²).
1573 2299 1720 2369 Sed
1789 2301 2028 2386 pirata
2105 2323 2240 2366 non
2318 2307 2423 2366 est
2497 2323 2579 2366 ex
2641 2299 3096 2385 perduellium

743 2432 1027 2477 numero
1095 2410 1434 2498 definituS,
1506 2408 1635 2475 sed
1689 2409 2065 2475 communis
2110 2408 2320 2475 hostis
2367 2409 2706 2475 omnium:
2775 2430 2925 2474 cum
2972 2407 3095 2476 hoc

742 2539 859 2582 nec
906 2516 1099 2606 fides
1162 2514 1354 2582 debet
1415 2538 1531 2582 nec
1592 2516 2074 2581 iusiurandum
2138 2538 2284 2581 esse
2346 2537 2694 2582 commune
2713 2517 2784 2598 3).
2882 2514 3094 2600 Quod

742 2623 1113 2692 discrimen
1180 2621 1356 2691 inter
1416 2622 1644 2690 hostes
1704 2635 1772 2690 et
1822 2622 2214 2709 praedones
2273 2621 2572 2691 Romani
2634 2643 2915 2713 semper
2979 2622 3094 2691 ob-

744 2733 1142 2800 servabant.
1261 2730 1559 2819 Ligures
1580 2738 1629 2815 4)
1680 2729 2148 2820 appellantur:
2214 2731 2520 2799 latrones
2587 2734 2818 2800 verius
2887 2755 3095 2822 quam

742 2840 972 2908 hostes
1014 2841 1195 2907 iusti.
1269 2837 1613 2921 Tiberius,
1661 2850 1738 2906 ut
1767 2838 2055 2906 alterum
2093 2837 2378 2906 afferam
2414 2839 2829 2928 exemplum,
2881 2863 3095 2928 aegre

743 2947 988 3015 dicitur
1064 2948 1335 3029 tulisse,
1409 2947 1595 3036 quod
1653 2944 2061 3014 Tacfarinas
2122 2947 2434 3014 desertor
2508 2958 2577 3015 et
2623 2949 2910 3035 praedo,
2984 2949 3091 3016 ho-

742 3057 948 3122 stium
995 3079 1184 3123 more
1230 3066 1473 3142 ageret
1489 3058 1561 3138 ⁵).

959 3163 1148 3232 Iusto
1198 3161 1381 3231 hosti
1427 3162 1695 3245 foeduS‚
1746 3161 2058 3252 sponsiO,
2106 3162 2285 3230 fides
2333 3159 2495 3232 data
2538 3161 2863 3250 religiose
2897 3175 3092 3231 erant

747 3270 1198 3339 observanda
1300 3268 1613 3360 Captivis
1675 3270 1731 3337 si
1796 3269 2239 3338 iureiurando
2289 3270 2639 3339 constricti
2686 3282 2867 3351 sunt,
2916 3269 3093 3337 fides

743 3378 1093 3446 servanda
1126 3389 1251 3459 est,
1301 3376 1407 3445 sin
1442 3376 1761 3458 violatur,
1811 3379 2003 3445 nefas
2038 3389 2163 3445 est.
2244 3376 2371 3447 Est
2405 3380 2579 3445 enim
2610 3377 3094 3445 iusiurandum

742 3487 1139 3577 adfirmatio
1187 3487 1512 3575 religiosa
1532 3512 1556 3554 .·
1601 3487 1795 3575 quod
1837 3494 2061 3553 autem
2113 3484 2479 3575 aafirmate
2529 3485 2734 3569 quasi
2772 3483 2898 3550 deo
2927 3490 3094 3550 teste

733 3596 1164 3682 promiseris,
1237 3595 1314 3660 id
1356 3595 1714 3661 tenendum
1764 3602 1866 3660 est
1886 3596 1958 3675 6).
2059 3592 2342 3659 Nullum
2390 3593 2565 3659 enim
2610 3589 2950 3657 vinculum
2998 3588 3099 3655 ad

742 3701 1264 3791 astringendam
1310 3701 1535 3792 fidem
1601 3699 2048 3767 iureiurando
2122 3700 2421 3766 maiores
2484 3698 2709 3764 artius
2772 3719 2919 3763 esse
2979 3719 3089 3763 vo·

739 3812 1043 3883 luerunt:
1117 3809 1195 3875 id
1256 3809 1560 3876 indicant
1625 3810 1815 3897 leges
1885 3810 1954 3874 in
2024 3807 2374 3873 duodecim
2451 3803 2720 3899 tabulis,
2792 3804 3095 3869 indicant

960 4027 1000 4095 ¹)
1058 4028 1154 4082 ofl.
1199 4045 1244 4096 1,
1284 4044 1371 4098 37.

957 4114 999 4181 2)
1057 4115 1174 4171 Cic.
1215 4116 1311 4171 off.
1350 4132 1401 4185 3,
1447 4117 1562 4170 108.

957 4205 998 4273 ⁸)
1058 4205 1174 4261 Cic.
1216 4205 1311 4262 off.
1351 4222 1401 4275 3,
1446 4222 1544 4276 107
1558 4222 1574 4272 ;
1614 4204 1682 4260 cf.
1722 4205 1781 4259 in
1822 4204 2071 4259 Verrem
2113 4223 2163 4275 4,
2203 4220 2289 4257 21.

952 4295 1003 4362 ⁴)
1057 4294 1182 4350 Liv.
1220 4313 1308 4366 40,
1349 4312 1435 4366 27,
1481 4312 1560 4351 10.

954 4384 997 4450 ⁶)
1055 4384 1239 4441 Tacit.
1280 4401 1410 4439 ann.
1449 4401 1500 4454 3,
1540 4401 1622 4455 73.

954 4474 998 4544 θ)
1057 4474 1174 4530 Cic.
1216 4474 1312 4530 off,
1352 4492 1402 4544 3,
1448 4491 1563 4546 104.
