3467 5350
1709 567 2155 643 ——18--—

758 763 1168 860 discrepant,
1220 767 1442 838 sedin
1479 773 1610 839 hoc
1657 795 1799 839 uno
1848 785 2127 861 praeter
2152 773 2573 865 Appianum,
2626 773 2743 863 qui
2791 787 2971 843 tacet
3017 773 3107 843 de

756 901 999 946 eorum
1072 878 1544 967 castigatione,
1608 879 2012 969 conspirant
2075 880 2436 949 Romanos
2486 884 2793 968 graviter
2836 883 2900 950 in
2961 907 3104 973 per-

755 984 946 1053 iuros
975 991 1020 1069 1)
1071 986 1664 1054 animadvertisse.

972 1091 1146 1182 Capi
1219 1094 1531 1182 potuisse
1602 1116 1739 1160 non
1791 1093 2014 1161 solum
2067 1094 2306 1162 hostes
2355 1096 2568 1185 ipsos,
2620 1096 2737 1183 qui
2784 1097 2849 1162 in
2898 1097 3106 1165 armis

757 1212 972 1282 erant,
1034 1202 1156 1267 sed
1210 1200 1411 1267 etiam
1459 1201 1757 1267 inermes
1808 1201 1920 1269 vel
1969 1224 2239 1283 servos,
2292 1203 2601 1286 seminaS,
2648 1203 2903 1271 liberos
2953 1226 3105 1271 con-

754 1318 1161 1374 sentaneum
1197 1320 1319 1380 est.
1400 1307 1544 1377 Sed
1592 1308 1890 1395 legatOS,
1940 1309 1997 1377 si
2031 1308 2159 1376 rite
2207 1309 2650 1378 mittebantur
2683 1311 2769 1377 ad
2806 1311 3104 1395 hostem,

756 1437 911 1481 cum
963 1437 1103 1504 quo
1151 1416 1402 1482 bellum
1454 1417 1851 1503 gerebatur,
1905 1439 2154 1505 capere
2201 1428 2268 1484 et
2302 1418 2564 1486 violare
2618 1418 2809 1486 nefas
2863 1432 3010 1486 erat
3034 1423 3102 1504 2).

757 1523 845 1589 Si
887 1525 1039 1609 quis
1083 1524 1392 1612 legatum
1440 1520 1739 1590 hostium
1777 1525 2156 1612 pulsasset,
2239 1534 2479 1592 contra
2527 1527 2639 1592 ius
2677 1528 2989 1614 gentium
3037 1526 3115 1592 id

759 1632 1190 1697 commissum
1254 1654 1400 1697 esse
1461 1632 1899 1698 existimatur
1913 1660 1936 1696 .·
2001 1633 2161 1718 quia
2220 1634 2447 1699 sancti
2486 1632 2616 1699 hab
2629 1642 2832 1700 entur
2874 1634 3106 1723 legati,

761 1745 825 1804 et
867 1738 1037 1816 ideo,
1087 1739 1156 1804 si
1195 1762 1347 1803 cum
1394 1739 1616 1826 legati
1656 1739 1853 1827 apud
1892 1763 2019 1806 nos
2066 1748 2292 1806 essent
2326 1741 2561 1829 gentis
2597 1741 2813 1823 cuiuS,
2864 1740 3106 1807 bellum

757 1868 909 1910 cum
972 1847 1068 1911 eis
1135 1846 1507 1912 indicatum
1555 1848 1663 1926 sit,
1713 1856 2114 1934 responsum
2163 1854 2283 1928 est,
2346 1846 2595 1914 liberos
2642 1871 2756 1914 eos
2804 1871 3109 1924 manere,·

758 1953 836 2017 id
875 1954 1050 2025 enim
1101 1954 1247 2018 iuri
1273 1956 1589 2041 gentium
1638 1956 2031 2021 conveniens
2076 1977 2260 2030 esse;
2307 1956 2537 2039 itaque
2561 1962 2743 2035 eum,
2781 1956 2903 2040 qui
2924 1955 3108 2043 lega·

762 2066 907 2124 tum
928 2052 1299 2147 pulsasset,
1354 2059 1666 2144 Quintus
1692 2060 1975 2128 Mucius
2018 2061 2183 2128 dedi
2220 2061 2542 2143 hostibus,
2593 2085 2879 2148 quorum
2913 2068 3116 2129 erant

763 2167 996 2254 legati,
1059 2168 1300 2234 solitus
1362 2174 1468 2233 est
1509 2169 1914 2254 respondere
1946 2170 2016 2251 3).
2134 2169 2231 2235 At
2280 2179 2509 2236 tamen
2558 2167 2600 2235 ii
2648 2168 2875 2256 legati,
2928 2190 3108 2257 quos

766 2274 1163 2363 complures
1198 2274 1505 2343 civitates
1540 2274 1825 2343 hostiles
1875 2275 2054 2343 inter
2081 2299 2159 2343 se
2192 2275 2568 2354 mittebant,
2620 2275 2767 2343 iure
2800 2276 3106 2364 gentium

767 2404 904 2448 non
956 2381 1236 2464 defensi,
1288 2382 1411 2449 sed
1461 2383 1645 2450 haud
1680 2405 1887 2450 secus
1921 2406 1999 2449 ac
2034 2383 2243 2450 ceteri
2277 2385 2516 2451 hostes
2547 2383 2611 2450 in
2645 2382 3105 2473 captivitatem

765 2488 1023 2557 redacti
1072 2499 1269 2555 sunt:
1338 2489 1525 2556 velut
1573 2488 1783 2576 legati
1831 2489 2294 2557 Macedonum
2327 2495 2554 2576 'atque
2603 2489 2996 2592 Poenorum
3048 2512 3106 2556 a.

759 2618 888 2686 215
938 2619 996 2664 a.
1050 2595 1215 2664 Chr.
1267 2617 1306 2661 a
1351 2595 1689 2664 Romanis
1740 2596 2014 2687 capt14)

976 2704 1416 2790 Quaeramus
1460 2726 1663 2785 nunc,
1726 2704 1979 2793 quibus
2028 2704 2375 2772 veniam
2426 2705 2741 2773 dederint
2789 2704 3107 2772 Romani.

763 2811 874 2878 Ea
936 2810 1129 2892 bella,
1198 2810 1415 2900 inquit
1464 2810 1712 2879 Cicero
1741 2812 1807 2898 5),
1883 2811 2126 2898 quibus
2187 2815 2459 2900 imperii
2486 2815 2837 2901 proposita
2876 2814 3109 2902 gloria

758 2925 877 3000 est,
952 2919 1180 2985 minus
1241 2916 1474 2984 acerbe
1522 2918 1838 3006 gerenda
1897 2927 2076 2986 sunt.
2182 2918 2276 2986 Ut
2317 2922 2490 2987 enim
2539 2944 2691 2986 cum
2740 2921 2873 2987 civi
2913 2921 3115 2987 aliter

759 3024 1242 3106 contendimuS,
1315 3026 1385 3091 si
1444 3032 1550 3092 est
1591 3026 1924 3107 inimicus,
1998 3027 2216 3109 aliter,
2289 3028 2359 3093 si
2396 3029 2780 3115 competitor
2829 3068 2905 3079 ——
2958 3051 3111 3093 cum

759 3134 974 3199 altero
1022 3140 1361 3200 certamen
1409 3132 1690 3200 honoris
1738 3141 1804 3200 et
1846 3135 2212 3223 dignatatis
2244 3143 2365 3217 est,
2416 3159 2565 3203 cum
2614 3137 2827 3203 altero
2873 3136 3112 3222 capitis

758 3248 825 3306 et
829 3241 1082 3327 famae
1109 3280 1188 3288 -
1217 3242 1313 3306 sic
1342 3263 1492 3306 cum
1531 3239 1890 3323 Celtiberis,
1924 3267 2076 3309 cum
2114 3241 2401 3310 Cimbris
2430 3242 2675 3310 bellum
2704 3251 2781 3309 ut
2807 3266 2957 3309 curn
2988 3245 3111 3311 ini-

764 3349 954 3414 micis
975 3346 1374 3436 gerebatur,
1424 3355 1581 3414 uter
1607 3356 1800 3432 esset,
1850 3374 1980 3417 non
2012 3358 2169 3416 uter
2197 3352 2582 3437 imperaret,
2633 3373 2785 3415 cum
2818 3348 3110 3431 Latinis,

765 3452 1063 3536 Sabinis,
1115 3453 1562 3537 Samnitibus,
1589 3454 1853 3535 Poenis,
1903 3455 2170 3543 Pyrrho
2202 3458 2284 3523 de
2331 3457 2608 3542 imperio
2639 3454 3110 3522 dimicabatur.

758 3559 981 3627 Parta
1031 3568 1259 3627 autem
1306 3562 1603 3643 victoria,
1656 3562 1865 3629 docet
1895 3562 2077 3629 idem
2105 3566 2175 3645 6),
2225 3562 2679 3629 conservandi
2715 3563 2780 3643 ii,
2835 3563 3110 3648 quinon

978 3723 1016 3790 ¹)
1076 3723 1276 3795 Polyb.
1316 3723 1424 3795 frg.
1463 3726 1513 3794 6,
1551 3727 1637 3795 58,
1677 3743 1736 3793 23
1799 3726 1850 3794 6,
1889 3726 1975 3794 58,
2019 3741 2116 3791 ῙΙ;
2176 3724 2292 3779 Cic.
2333 3724 2426 3779 off.
2470 3741 2517 3793 1,
2556 3740 2655 3794 40,
2708 3741 2758 3793 3,
2802 3740 2970 3792 113-
2981 3738 3110 3792 115,

760 3813 884 3868 Liv.
911 3830 997 3881 22,
1036 3815 1122 3883 58,
1161 3814 1225 3881 8;
1266 3831 1352 3883 24.
1395 3816 1476 3875 18.
1518 3814 1637 3884 5l6;
1678 3814 1822 3868 Zon.
1848 3832 1899 3883 9,
1938 3831 1989 3882 2,
2029 3830 2088 3883 4,
2132 3813 2381 3884 Appian.
2413 3813 2605 3867 Hann.
2635 3815 2733 3882 28;
2775 3812 2919 3867 Gell.
2948 3812 3014 3865 N.
3038 3811 3109 3865 A.

761 3907 812 3973 6,
857 3905 1173 3972 18,1—11.

975 3991 1019 4061 2)
1077 3991 1242 4046 Diod.
1284 3990 1392 4062 frg.
1431 4009 1519 4062 30,
1564 3995 1645 4062 18,
1684 4010 1737 4048 2.

978 4081 1022 4148 ³)
1082 4081 1211 4152 Dig.
1251 4098 1341 4152 50,
1381 4100 1444 4153 7;
1482 4082 1547 4137 L.
1592 4085 1673 4137 18.

974 4169 1020 4240 ⁴)
1078 4170 1202 4226 Liv.
1234 4188 1319 4240 23,
1359 4174 1443 4240 38,
1485 4189 1546 4243 73
1587 4171 1840 4244 Appian.
1870 4172 2016 4227 Mac.
2050 4190 2111 4240 13
2148 4171 2292 4226 Zon.
2321 4189 2372 4241 9,
2412 4190 2463 4240 4,
2502 4187 2536 4239 3
2548 4188 2563 4238 3
2603 4170 2670 4224 cf.
2702 4168 2875 4224 etiam
2908 4168 3109 4239 Polyb.

761 4261 868 4331 frg.
908 4277 994 4328 22,
1032 4278 1084 4329 9,
1124 4262 1187 4328 85
1228 4259 1482 4330 Appian.
1521 4262 1574 4316 b.
1615 4278 1663 4317 c.
1703 4278 1754 4332 5,
1798 4264 1929 4331 1363
1969 4260 2136 4317 Caes.
2176 4261 2228 4315 b.
2271 4260 2414 4316 Gall.
2453 4276 2505 4329 5,
2542 4274 2628 4329 45,
2672 4277 2717 4313 1.

980 4348 1022 4414 ⁶)
1085 4348 1182 4405 off.
1226 4367 1270 4417 1,
1313 4352 1400 4418 38.

977 4437 1022 4508 ⁶)
1082 4437 1177 4492 off.
1222 4455 1266 4508 1,
1307 4455 1397 4509 35.
