3467 5350
1395 588 1835 661 ..97...

441 787 651 853 ream,
680 790 1015 838 coronam
1041 770 1314 837 ovalem
1342 767 1491 837 sive
1518 780 1878 856 myrteam,
1911 769 2196 839 civicam
2223 770 2371 840 sive
2400 789 2790 861 querceam,
2865 807 2871 812 ·

443 875 798 945 classicam
832 876 983 945 sive
1008 886 1398 959 rostratam,
1448 877 1806 959 muralem,
1856 889 2299 961 castrensem,
2349 891 2789 967 gemmatam,

438 1006 741 1057 auream.
839 982 1167 1052 Coronae
1237 982 1446 1071 igitur
1514 984 1835 1052 solebant
1904 984 2210 1074 praemia
2276 1007 2436 1053 esse
2497 985 2791 1069 virtutis,

438 1090 760 1180 symbola
831 1089 1070 1158 haberi
1138 1089 1489 1158 victoriae.
1584 1089 1792 1160 Unde
1862 1091 2205 1159 concludo
2279 1092 2641 1160 Romanos
2704 1115 2790 1160 eo

437 1199 614 1281 loco,
689 1220 832 1286 quo
910 1197 1153 1266 hostes
1231 1197 1413 1265 bello
1490 1197 1669 1287 capti
1733 1199 2352 1282 venumdabantur,
2441 1211 2790 1288 tamquam

439 1306 833 1394 symbolum
883 1303 1217 1373 victoriae
1279 1304 1733 1394 suspendisse
1783 1327 2136 1389 coronam,
2201 1327 2341 1393 qua
2387 1306 2704 1397 captivos
2753 1330 2792 1375 a

439 1412 705 1502 reliquo
764 1435 1134 1482 servorum
1200 1434 1465 1501 genere
1521 1411 1843 1481 diversos
1892 1413 2220 1481 volebant
2265 1412 2590 1482 indicare.
2684 1413 2792 1481 Ex

437 1522 566 1589 hac
600 1518 1103 1588 consuetudine
1133 1518 1491 1587 dicebatur
1519 1522 1644 1585 sub
1692 1543 1935 1586 corona
1980 1522 2285 1587 vendere.
2378 1519 2582 1604 Quae
2630 1542 2786 1588 cum

438 1626 783 1716 paullatim
818 1626 1306 1708 obsolevisset,
1355 1650 1498 1696 vox
1530 1639 1761 1695 tamen
1795 1626 1946 1716 ipsa
1993 1637 2323 1709 maneret,
2374 1626 2624 1695 factum
2662 1638 2787 1709 est,

436 1746 510 1803 ut
556 1737 940 1824 scriptores
986 1733 1466 1803 Romanorum
1516 1734 1643 1824 ipsi
1692 1734 1780 1801 ad
1830 1733 2266 1803 coniecturas
2313 1734 2790 1823 profugerent.
2828 1791 2840 1802 .

437 1842 1102 1932 Interpretationem,
1154 1864 1360 1930 quam
1410 1840 1769 1932 proposui,
1819 1839 1949 1909 etsi
2011 1840 2421 1909 testimoniis
2478 1852 2788 1909 veterum

407 1971 576 2017 non
626 1947 1027 2031 affirmatur,
1093 1950 1396 2039 probare
1455 1961 1683 2017 tamen
1733 1947 1897 2016 mihi
1942 1948 2192 2016 videor
2237 1946 2437 2016 simili
2487 1948 2790 2037 quodam

437 2078 571 2124 usu
628 2056 950 2144 allegam,
1019 2079 1160 2146 quo
1225 2080 1302 2125 re
1360 2078 1529 2125 vera
1592 2077 1893 2124 coronas
1958 2067 2032 2123 ut
2091 2054 2412 2143 symbola
2459 2053 2793 2123 victoriae

435 2163 798 2232 Romanos
845 2163 1316 2232 demonstrem
1367 2163 1843 2252 suspendisse.
1937 2162 2343 2250 Augustum
2394 2161 2573 2230 enirn
2633 2160 2792 2250 legi·

435 2292 589 2339 mus
660 2271 753 2337 ob
823 2270 1012 2339 cives
1081 2284 1403 2339 servatos
1473 2281 1713 2361 postes
1766 2269 2113 2338 Palatinae
2176 2271 2430 2337 domus
2496 2290 2791 2337 ornasse

434 2399 697 2445 corona
768 2376 1076 2465 civica1).
1169 2377 1492 2446 Tiberius
1557 2375 1845 2445 civicam
1909 2376 1975 2445 in
2045 2376 2391 2445 vestibulo
2457 2377 2791 2444 coronam

435 2483 784 2552 recusavit
801 2488 871 2568 ⁴²).
967 2483 1112 2553 Sed
1157 2483 1489 2553 Claudius
1538 2487 1720 2551 inter
1764 2487 2031 2551 hostilia
2074 2487 2288 2571 spolia
2334 2487 2643 2550 navalem
2692 2507 2788 2549 co-

432 2614 668 2657 ronam
691 2594 982 2680 fastigio
1027 2594 1388 2657 Palatinae
1435 2595 1670 2657 domus
1716 2594 1916 2659 iuxta
1965 2594 2239 2659 civicam
2264 2595 2464 2681 fixit,
2530 2592 2801 2657 traiecti

434 2705 502 2764 et
546 2701 746 2785 quasi
785 2701 1024 2765 domiti
1074 2702 1333 2766 Oceani
1371 2702 1642 2786 insigne
1658 2701 1727 2783 ²³).

428 2887 463 2897 ν
647 2806 850 2892 Quae
883 2806 989 2875 vis
1021 2805 1108 2874 sit
1140 2805 1205 2874 in
1237 2804 1354 2874 illo
1398 2808 1522 2873 sub
1568 2809 1765 2873 hasta
1810 2810 2060 2882 venire,
2112 2829 2295 2874 nunc
2345 2828 2785 2894 quaeramus.

434 2913 654 2982 Hasta
698 2926 847 2982 erat
893 2917 1075 3005 apud
1103 2914 1467 2983 Romanos
1509 2914 1789 3003 signum
1838 2925 1908 2982 et
1954 2913 2112 2982 belli
2158 2925 2227 2981 et
2273 2913 2432 2982 iusti
2480 2912 2783 2981 dominii.

439 3020 599 3106 „Mit
647 3023 805 3089 dem
847 3021 1212 3092 Schwerte
1258 3021 1347 3089 ist
1395 3022 1504 3090 die
1551 3021 1897 3089 romische
1933 3019 2125 3088 Welt
2171 3020 2594 3108 gegrnndet,
2642 3019 2780 3088 und

436 3128 561 3198 das
608 3127 933 3198 Schwert
1003 3129 1178 3197 oder
1237 3129 1364 3198 der
1410 3129 1637 3218 Speer
1694 3127 1785 3196 ist
1832 3127 1959 3194 das
2007 3127 2251 3195 alteste
2298 3126 2596 3215 Symbol
2659 3128 2784 3194 des

434 3234 825 3303 romischen
858 3236 1121 3305 Rechts
1140 3240 1254 3320 4).“
1357 3234 1546 3320 „Der
1578 3234 1806 3325 Speer
1839 3233 2184 3302 erscheint
2223 3233 2324 3302 als
2373 3231 2785 3321 geheiligtes

434 3341 730 3431 Symbol
801 3328 928 3413 des
989 3342 1482 3432 Kriegsrechts
1551 3343 1691 3410 und
1759 3343 1885 3410 des
1948 3341 2359 3429 Eigentums
2421 3340 2779 3424 selber5).“

434 3448 655 3519 Hasta
722 3461 870 3517 erat
934 3451 1330 3538 symbolum
1397 3449 1658 3533 Marti-s,
1727 3448 1839 3516 dei
1904 3470 2073 3516 vere
2135 3446 2456 3516 Romani.
2563 3450 2787 3513 Hasta

433 3580 699 3623 summa
728 3581 1072 3624 armorum
1108 3565 1175 3624 et
1202 3559 1476 3645 imperii
1501 3561 1685 3641 est6).
1762 3555 1942 3625 Cum
1969 3554 2220 3623 bellum
2251 3554 2552 3637 iniretur,
2587 3554 2786 3621 hasta

434 3663 501 3731 in
547 3663 723 3732 fines
773 3664 1070 3733 hostium
1123 3663 1334 3733 missa
1391 3676 1516 3733 est.
1614 3662 2119 3752 Quaecumque
2166 3661 2439 3751 publice
2486 3659 2788 3729 Romani

438 3772 979 3854 venumdabant,
1028 3773 1271 3840 hastae
1303 3771 1758 3840 subiciebant.
1853 3769 2040 3839 Dum
2078 3781 2147 3837 et
2193 3768 2512 3839 homines
2560 3781 2627 3836 et
2675 3789 2788 3835 res

432 4004 484 4059 7,
527 4004 585 4058 13
640 4005 729 4059 39,
767 4005 854 4058 29,
891 3988 955 4057 6;
1011 4005 1099 4058 39,
1137 4005 1224 4057 42,
1262 4005 1325 4059 35
1383 4005 1469 4058 40,
1513 3987 1596 4055 16,
1638 4002 1734 4054 113
1792 4002 1880 4055 40,
1917 4002 2006 4055 34,
2042 3984 2108 4053 8;
2159 4001 2246 4053 40,
2284 4001 2373 4053 43,
2410 3983 2474 4051 6;
2530 3981 2787 4054 Appian-

431 4075 557 4131 Lib.
595 4077 695 4146 663
751 4076 1301 4133 Plut.Aem.Paull.
1322 4093 1409 4146 34,
1447 4093 1511 4146 4;
1564 4073 1729 4129 Cass
1751 4072 1882 4127 Dio.
1920 4091 2008 4142 42,
2046 4090 2133 4142 49,
2171 4089 2207 4142 3
2220 4088 2235 4140 ;
2273 4089 2361 4141 42,
2398 4087 2486 4142 50,
2524 4088 2560 4125 2
2572 4088 2588 4139 ς
2640 4069 2787 4126 Gell.

432 4164 499 4220 N.
539 4165 612 4220 A.
650 4182 703 4236 5,
738 4166 792 4236 6,
830 4182 1000 4237 5—7;
1038 4165 1198 4221 Fest.
1236 4183 1293 4237 p.
1332 4166 1437 4237 367
1476 4165 1552 4219 M.
2139 4153 2148 4163 ’

651 4254 691 4326 ²)
727 4254 926 4311 Valer.
948 4255 1103 4310 Max.
1131 4272 1182 4325 2,
1217 4257 1271 4325 8,
1309 4272 1376 4326 75
1417 4253 1594 4310 Ovid.
1618 4252 1749 4309 fast.
1787 4271 1839 4323 4,
1876 4269 2010 4325 9535
2048 4250 2196 4306 trist.
2232 4269 2285 4322 3,
2328 4268 2376 4321 1,
2411 4250 2484 4322 36
2497 4267 2513 4318 ;
2551 4258 2789 4304 metam.

436 4361 483 4413 1,
520 4344 644 4415 562.
691 4377 745 4386 -
792 4344 835 4415 ²)
875 4343 1116 4400 Sueton.
1143 4344 1275 4399 Tib.
1312 4345 1400 4399 26.
1445 4376 1503 4384 —
1550 4342 1592 4416 ⁸)
1632 4342 1874 4399 Sueton.
1903 4341 2106 4397 Claud.
2151 4358 2234 4412 17.
2281 4372 2337 4380 —
2383 4339 2427 4410 ⁴)
2466 4337 2702 4409 lhering
2736 4355 2789 4408 3,

436 4449 563 4503 11o;
605 4451 724 4506 113.
771 4466 827 4475 —
874 4433 917 4506 ⁸)
957 4433 1378 4490 Holtzendorff
1410 4451 1458 4505 1,
1497 4451 1623 4505 274.
1670 4465 1725 4474 -—-
1773 4431 1817 4502 ⁸)
1856 4431 1903 4487 F
1908 4439 2016 4487 est.
2056 4448 2112 4502 p.
2150 4431 2224 4485 62
2257 4429 2334 4485 M.

2539 4553 2572 4607 7
