3467 5350
1314 595 1748 662 ..25-

350 775 575 845 nullus
624 774 876 841 modus
925 770 1254 840 caedibus
1317 769 1435 838 fuit
1485 770 1851 859 deletaque
1893 769 2263 838 Ausonum
2329 792 2527 858 gens,
2586 768 2702 835 vix

351 895 543 953 certo
578 879 984 952 desectionis
1019 878 1319 961 crimine,
1358 877 1647 967 perinde
1683 899 1764 946 ac
1797 877 1854 944 si
1886 877 2312 945 internecivo
2348 877 2528 945 bello
2563 898 2701 944 cer-

351 989 567 1060 tasset
588 995 655 1074 ¹).
745 988 1086 1075 Quamvis
1133 1008 1250 1055 res
1312 986 1403 1054 ita
1465 1008 1543 1054 se
1603 986 1875 1067 habeat,
1940 985 2224 1054 stultum
2284 997 2390 1054 est
2453 983 2703 1052 infitias

350 1100 449 1167 ire
497 1098 713 1165 duces
761 1096 953 1185 ipsos
1000 1115 1521 1181 nonnumquam
1571 1092 1858 1161 iussisse
1906 1092 2108 1160 etiam
2158 1091 2552 1160 imbellibus
2592 1114 2703 1158 ve-

352 1206 530 1275 niam
601 1203 860 1292 negari.
955 1202 1101 1272 Sed
1164 1201 1295 1270 tale
1346 1200 1510 1288 quid
1569 1222 1850 1289 semper
1897 1212 2043 1268 erat
2088 1199 2443 1288 singulare
2492 1199 2703 1289 quod-

351 1313 509 1381 dam
576 1324 782 1398 atque
849 1308 1225 1378 inauditum
1247 1312 1317 1393 2).
1410 1308 1569 1376 Hoc
1633 1329 1792 1376 esse
1859 1306 2112 1374 factum
2162 1305 2498 1395 Polybius
2548 1329 2704 1374 con-

350 1419 565 1487 tendit
613 1417 899 1486 terroris
948 1439 1178 1485 causa.
1273 1417 1467 1481 Ποιεῖν
1516 1419 1578 1482 δέ
1623 1441 1716 1501 μοι
1762 1418 1989 1480 δοκοῦσι
2037 1423 2211 1480 τοῦτο
2260 1413 2705 1502 καταπλήξεως

349 1536 537 1618 χάριν.
629 1528 724 1591 Διὸ
757 1528 849 1591 καὶ
878 1528 1172 1600 πολλάκις
1203 1527 1338 1589 ἰδεῖν
1371 1526 1525 1589 ἐστιν
1560 1526 1620 1588 έν
1653 1533 1790 1598 ταῖς
1819 1531 1939 1587 τῶν
1964 1520 2274 1607 Ῥωμαίων
2300 1525 2703 1609 καταλήψεσιν

351 1644 470 1700 τῶν
502 1637 734 1700 πόλεων
768 1636 833 1699 οὐ
876 1639 1088 1718 μόνους
1135 1632 1285 1708 τοὺς
1315 1635 1670 1721 ἀνθρώπους
1707 1634 2200 1720 πεφονευμένους,
2244 1632 2404 1695 ἀλλὰ
2435 1632 2529 1694 καὶ
2558 1631 2705 1706 τοὺς

350 1746 535 1818 κύνας
566 1744 1135 1830 δεὸιχοτομημένους
1166 1743 1261 1804 καὶ
1305 1747 1425 1803 τῶν
1473 1741 1677 1803 ἄλλων
1713 1741 1893 1812 ζώων
1941 1739 2096 1823 μέλη
2129 1743 2614 1827 παρακεκομμένα
2633 1740 2702 1821 ⁸).

567 1847 940 1929 Interdum,
981 1847 1142 1914 dum
1180 1847 1348 1914 urbs
1381 1856 1838 1935 expugnatur,
1883 1843 2183 1912 inermes
2207 1855 2473 1912 armato
2499 1845 2706 1932 agmi-

351 1957 417 2024 ni
450 1954 884 2023 intermixtos
916 1953 1221 2022 victores
1248 1975 1530 2043 pugnae
1565 1951 1793 2042 cupidi
1826 1951 2084 2041 passim
2120 1951 2611 2020 interfecerunt
2633 1955 2702 2037 ⁴).

564 2062 701 2130 Alii
748 2085 873 2150 per
921 2082 1228 2128 errorem
1279 2059 1631 2149 perierunt
1698 2060 1887 2128 velut
1935 2058 2398 2128 Archimedes
2422 2062 2507 2147 ⁶);
2578 2060 2704 2128 sed

350 2168 720 2238 Marcellus
769 2167 1068 2249 militem,
1121 2166 1238 2256 qui
1287 2189 1443 2235 eum
1493 2166 1948 2249 interfecerat,
1999 2166 2215 2235 fertur
2263 2166 2484 2256 capite
2521 2168 2701 2235 dam-

351 2299 561 2345 nasse
584 2279 653 2360 6).

566 2383 779 2451 Plane
842 2382 1122 2451 diversa
1189 2393 1415 2450 exstat
1481 2382 1653 2450 ratio
1722 2381 1917 2450 bellis
1979 2380 2292 2450 civilibus
2360 2381 2581 2471 primo
2643 2406 2702 2450 a.

351 2490 516 2559 Chr.
570 2513 631 2558 n.
698 2490 981 2558 saeculo
1045 2488 1518 2558 saevientibus
1582 2501 1792 2578 atque
1857 2511 2226 2558 servorum
2278 2488 2700 2572 tumultibuS,

349 2598 412 2665 in
479 2599 730 2689 quibus
796 2609 1056 2665 tantum
1121 2598 1381 2678 aberat,
1449 2609 1522 2665 ut
1584 2597 1827 2666 milites
1892 2597 2253 2687 utriusque
2315 2597 2531 2687 partis
2578 2599 2701 2665 ob-

350 2718 715 2775 servarent
762 2706 920 2774 belli
962 2706 1128 2789 iura,
1202 2717 1276 2774 ut
1323 2705 1759 2773 vinculorum
1810 2704 2245 2794 cognationis
2294 2718 2363 2773 et
2409 2705 2702 2774 necessi-

350 2814 604 2882 tudinis
667 2813 901 2881 furore
965 2813 1150 2882 caeci
1209 2813 1784 2882 obliviscerentur
1808 2817 1873 2897 ⁷).
1967 2814 2207 2901 Atque
2254 2812 2402 2881 iure
2452 2812 2700 2882 Cicero

349 2923 415 2989 in
481 2932 727 2988 senatu
791 2932 1080 3007 questus
1145 2932 1268 3002 est,
1344 2921 1534 3009 quod
1603 2919 1926 2988 mulieres
1989 2943 2215 3009 neque
2282 2920 2411 2988 viri
2474 2920 2702 2989 valida

351 3038 577 3096 aetate
624 3026 874 3107 solum,
933 3027 1060 3094 sed
1110 3049 1313 3094 senes
1363 3026 1564 3094 etiarn
1615 3028 1951 3116 puerique
2000 3027 2250 3096 misere
2298 3039 2460 3096 sunt
2508 3027 2700 3096 truci·

351 3133 519 3215 dati3
573 3155 799 3221 neque
833 3154 1255 3222 quemquam
1290 3155 1465 3215 esse,
1518 3134 1636 3222 qui
1668 3133 1836 3202 satis
1886 3133 2095 3221 digne
2142 3157 2382 3202 eorum
2420 3134 2698 3203 exitium

350 3241 747 3330 deploraret
767 3244 835 3325 ⁸).
933 3239 1014 3308 C.
1050 3239 1288 3307 Iulium
1345 3240 1721 3309 Caesarem
1786 3240 2120 3331 excipiam
2144 3246 2212 3327 ⁹).
2308 3241 2451 3311 Sed
2509 3241 2702 3312 Sulla

564 3458 607 3526 ι)
645 3456 772 3511 LiV·
809 3474 862 3527 9>
901 3473 988 3528 25,
1024 3474 1076 3527 9·

564 3546 608 3616 ²)
647 3547 784 3602 Sall.
825 3548 945 3619 Iug.
984 3565 1071 3619 54,
1108 3549 1145 3602 6
1157 3566 1173 3618 ς
1217 3547 1475 3620 Appian.
1515 3549 1593 3606 Ib.
1632 3565 1734 3620 52;
1772 3549 1873 3605 60:
1912 3547 1999 3601 οὐκ
2036 3547 2189 3619 ἀξίως
2227 3547 2282 3602 δὲ
2320 3548 2584 3623 Ῥωμαίων
2622 3570 2703 3623 μι-

348 3636 590 3711 μούμενος
615 3635 917 3710 βαρβάρους.
956 3637 1115 3710 App.
1154 3637 1234 3694 Ib.
1278 3656 1405 3707 100;
1455 3638 1640 3694 Tacit.
1682 3656 1814 3695 ann.
1853 3656 1905 3709 2,
1943 3657 2009 3693 21
2023 3657 2039 3709 ;
2082 3658 2168 3709 12,
2211 3658 2302 3712 17;
2343 3639 2474 3695 hist.
2512 3658 2565 3711 3,
2603 3658 2699 3712 34;

347 3727 577 3799 Ioseph.
620 3727 672 3782 b.
713 3727 753 3783 I.
792 3746 844 3798 3,
886 3745 970 3797 1o,
1012 3745 1095 3784 10.

563 3816 606 3886 ⁸)
644 3816 851 3889 Polyb.
892 3816 1000 3888 frg.
1042 3834 1125 3887 10,
1168 3834 1252 3889 15,
1289 3819 1397 3890 415.

562 3905 608 3975 ⁴)
649 3906 779 3961 Liv.
817 3924 906 3977 42,
942 3909 1030 3977 63,
1074 3925 1157 3962 10.

565 3993 608 4064 ⁵)
648 3995 766 4050 Cic.
781 3995 879 4050 fin.
917 4012 969 4067 5,
1007 4013 1106 4067 503
1144 3997 1315 4052 Verr.
1354 4015 1405 4067 4,
1448 4015 1579 4069 1313
1616 3998 1746 4053 Liv.
1785 4014 1872 4069 25,
1910 4016 1997 4069 31,
2032 4015 2094 4068 93
2132 3998 2331 4053 Valer.
2353 3998 2509 4053 Max.
2547 4000 2599 4068 8,
2639 4017 2671 4071 7
2684 4016 2701 4068 3

348 4084 498 4139 Plut.
536 4084 715 4139 Marc.
757 4102 840 4155 19,
880 4104 939 4159 73
977 4086 1120 4141 Zon.
1158 4105 1210 4158 9,
1248 4104 1300 4158 5,
1338 4104 1389 4158 5.

563 4173 606 4243 ο)
649 4173 839 4231 Ttetz.
879 4175 1024 4230 Chil.
1063 4195 1114 4245 2,
1156 4179 1456 4248 136—149.

544 4264 609 4349 ἶ)
648 4265 693 4320 F
697 4266 802 4320 lor.
840 4283 892 4336 3,
931 4282 1018 4335 21,
1056 4267 1150 4336 26;
1190 4285 1241 4338 3,
1279 4286 1366 4337 21,
1405 4286 1500 4339 233
1539 4269 1584 4324 F
1589 4267 1801 4324 rontin.
1835 4276 2077 4339 strateg.
2120 4286 2167 4337 1,
2204 4284 2256 4338 5,
2295 4284 2381 4323 20.

564 4354 607 4424 ⁸)
650 4355 813 4411 CaSS.
854 4354 983 4411 Dio.
1022 4373 1109 4425 44,
1149 4373 1236 4426 3ο,
1273 4358 1326 4413 6.

564 4446 608 4516 ⁹)
649 4445 713 4500 cf
741 4445 911 4502 CaeS.
951 4447 1005 4501 b.
1046 4463 1092 4503 c.
1131 4464 1182 4515 2,
1220 4464 1316 4516 22;
1354 4465 1405 4518 3,
1443 4449 1540 4518 98;
1598 4449 1652 4503 b.
1691 4447 1819 4503 Afr.
1857 4465 1956 4518 925
2012 4447 2161 4503 Vell.
2189 4448 2418 4504 Patere.
2446 4466 2498 4518 2,
2536 4450 2624 4520 56,
2655 4466 2701 4505 1.
