3467 5350
1362 574 1849 633 2-—12'1—-2

431 760 706 829 verbum
764 763 983 849 ipsum
1047 768 1340 828 notatur.
1434 766 1524 827 In
1587 786 1715 850 quo
1759 764 2048 829 Servius
2093 769 2322 829 noster
2367 765 2483 851 (ut
2523 754 2787 851 opinor)

432 871 614 935 nihil
651 876 861 956 putat
918 893 1058 935 esse
1104 872 1479 935 notandum
1528 871 1670 935 nisi
1695 879 1854 956 pos
1872 877 1943 941 t,·
2008 877 2076 936 et
2131 871 2163 934 l
2173 872 2278 935 im
2297 871 2385 934 in
2402 872 2566 935 ium
2615 872 2795 936 illud

420 979 932 1063 productionem
982 1000 1120 1042 esse
1165 978 1355 1042 verbi
1392 978 1557 1051 vult,
1625 983 1707 1042 ut
1750 979 1823 1042 in
1846 979 1916 1063 f
1918 979 2004 1042 in
2022 979 2209 1043 itim
2231 1002 2299 1052 o,
2365 978 2581 1064 legit
2595 979 2784 1053 imo,

432 1085 888 1158 aeditimo,
961 1107 1097 1149 non
1150 1086 1316 1171 plus
1368 1083 1584 1150 inesse
1642 1086 1975 1160 timum,
2045 1108 2245 1171 quam
2293 1087 2367 1150 in
2416 1087 2787 1151 meditullio

433 1193 821 1257 tullium.
912 1193 1235 1256 Scaevola
1279 1199 1527 1273 autem,
1587 1195 1663 1257 P.
1712 1195 1809 1272 E,
1860 1193 2168 1257 iunctum
2204 1198 2415 1279 putat
2458 1216 2597 1258 6336
2642 1216 2785 1259 ver-

437 1298 609 1370 bum,
659 1304 742 1362 ut
783 1299 876 1362 sit
917 1298 989 1362 in
1036 1320 1109 1362 eo
1156 1304 1224 1363 et
1267 1304 1478 1384 post
1518 1304 1586 1363 et
1627 1298 1949 1368 limen,·
1998 1304 2081 1362 ut
2125 1321 2295 1383 quae
2323 1322 2366 1364 a
2397 1300 2584 1364 nobis
2628 1300 2785 1365 alie-

434 1410 598 1468 nata
653 1411 836 1477 sunt,
903 1428 1052 1469 cum
1100 1406 1197 1469 ad
1236 1406 1487 1469 lzostem
1524 1405 1987 1490 pervenerint,
2051 1411 2119 1469 et
2161 1427 2248 1469 ex
2290 1428 2413 1470 suo
2459 1412 2784 1491 tanquam

434 1512 668 1576 limine
700 1513 1012 1584 exierint,
1065 1512 1220 1576 dein
1262 1534 1412 1576 cum
1447 1513 1779 1576 redierint
1795 1517 1953 1597 post
1980 1512 2077 1575 ad
2116 1513 2292 1576 idem
2337 1513 2563 1585 limen,
2602 1519 2783 1598 post-

436 1619 695 1683 lz'mim'o
738 1620 1103 1683 videantur
1148 1619 1436 1684 rediisse.
1529 1617 1920 1687 Scaevolae
1969 1616 2441 1706 interpretatio
2492 1640 2628 1685 non
2678 1639 2786 1686 so-

435 1725 572 1792 lum
636 1724 849 1812 digna
914 1736 1041 1806 est,
1109 1747 1289 1813 quae
1336 1736 1824 1814 praeponatur,
1889 1725 2013 1792 sed
2066 1724 2268 1792 etiam
2316 1725 2467 1792 sola
2511 1724 2786 1794 videtur

434 1843 622 1899 recta
671 1852 849 1905 esse.
908 1869 915 1872 ’

647 1954 1048 2023 postliminii
1079 1954 1228 2023 iure
1277 1955 1674 2043 fingebatur
1719 1976 2095 2042 numquam
2148 1976 2327 2038 eum,
2380 1954 2495 2043 qui
2543 1979 2582 2024 e
2632 1979 2784 2045 cap-

436 2060 695 2129 tivitate
772 2074 1260 2144 reverteretur,
1330 2061 1542 2129 fuisse
1611 2061 1676 2128 in
1745 2059 2161 2150 captivitate.
2278 2065 2783 2128 Postlzffmmmm

435 2169 649 2243 liabet,
699 2171 777 2234 id
828 2176 928 2234 est
959 2166 1249 2256 perinde
1295 2170 1522 2234 omnia
1570 2170 1638 2234 ei
1675 2171 2141 2234 restituuntur
2184 2171 2358 2243 iura,
2406 2193 2485 2234 ac
2528 2171 2596 2235 si
2636 2180 2783 2257 cap-

436 2281 547 2340 tus
574 2277 656 2340 ab
688 2277 982 2341 hostibus
1014 2299 1148 2341 non
1183 2283 1353 2341 esset
1371 2281 1439 2358 1).
1535 2279 1746 2342 Retro
1779 2277 2078 2342 creditur
2123 2278 2196 2340 in
2246 2277 2510 2340 civz'tate
2529 2278 2781 2362 fuisse,

439 2385 561 2468 qui
597 2384 679 2448 ab
726 2385 1020 2448 hostibus
1064 2386 1344 2449 advenit
1362 2386 1433 2466 2).
1526 2384 2031 2448 Postliminium
2062 2389 2162 2448 est
2207 2384 2315 2447 ius
2360 2384 2644 2448 amissae
2687 2385 2794 2449 rei

435 2492 855 2576 recipiendae
898 2492 980 2555 ab
1028 2498 1352 2557 extraneo
1399 2498 1466 2556 et
1500 2492 1572 2555 in
1617 2497 1871 2555 statum
1907 2492 2281 2577 pristinum
2329 2492 2786 2556 restituendae

434 2598 616 2662 inter
675 2620 795 2662 nos
853 2621 932 2662 ac
999 2599 1232 2663 liberos
1284 2599 1570 2685 populos
1625 2620 1946 2684 regesque
1994 2598 2285 2662 moribus
2330 2598 2588 2682 legibus
2634 2621 2781 2662 con-

431 2705 760 2770 stitutum.
854 2708 1041 2769 Nam
1078 2707 1260 2790 quod
1287 2706 1449 2770 bello
1485 2707 1836 2770 amisimus
1880 2710 2006 2769 aut
2050 2706 2249 2768 etiam
2299 2705 2467 2769 citra
2517 2704 2779 2779 bellum,

433 2812 554 2875 hoc
581 2812 651 2875 si
672 2835 913 2877 rursus
942 2813 1361 2897 recipiamus,
1412 2813 1704 2877 dicimur
1721 2813 2136 2897 postliminio
2165 2813 2472 2897 recipere.
2564 2814 2784 2899 quue

434 2920 748 2983 naturali
783 2921 1118 3004 aequitate
1165 2920 1622 2983 introductum
1666 2926 1782 2992 est,
1845 2925 1940 2991 ut,
2002 2920 2125 3004 qui
2151 2926 2284 3003 per
2327 2920 2654 2982 iniuriam
2702 2919 2784 2983 ab

435 3027 778 3090 extraneis
810 3027 1250 3098 detinebatur,
1302 3027 1377 3099 is,
1413 3026 1535 3090 ubi
1560 3026 1631 3089 in
1642 3027 1838 3111 fines
1868 3048 2025 3089 suos
2055 3026 2351 3098 redisset,
2406 3026 2780 3110 pristinum

434 3134 543 3198 ius
600 3156 803 3198 suum
859 3134 1185 3219 reciperet
1202 3136 1273 3213 ³).
1368 3131 1525 3199 Hoc
1595 3130 1874 3219 quidem
1923 3130 2304 3198 admonere
2352 3129 2507 3198 licet
2552 3130 2782 3219 postli-

433 3237 709 3306 minium
759 3260 897 3306 non
947 3260 1106 3307 esse
1155 3239 1598 3306 constitutum
1661 3237 1791 3306 nisi
1839 3239 2015 3306 inter
2061 3237 2317 3306 liberos
2365 3239 2665 3327 populos
2713 3250 2782 3306 et

433 3367 661 3433 reges,
756 3345 920 3431 Quo
970 3346 1303 3435 sequitur,
1375 3357 1449 3412 ut
1508 3344 1574 3413 in
1625 3344 2174 3413 dissensionibus
2225 3344 2474 3412 civium
2526 3344 2636 3414 vel
2685 3355 2780 3412 tu·

433 3452 758 3520 multibus
790 3474 1178 3536 servorum,
1217 3451 1700 3542 postliminium
1736 3453 1939 3541 plane
1972 3474 2107 3519 non
2142 3465 2386 3521 exstet.
2452 3457 2541 3519 In
2576 3455 2780 3518 civili-

435 3561 554 3625 bus
585 3562 1106 3626 dissensionibus
1137 3562 1443 3647 quamvis
1472 3569 1670 3646 saepe
1691 3569 1826 3645 per
1855 3583 1966 3625 eas
2000 3584 2106 3625 res
2125 3561 2400 3646 publica
2447 3562 2777 3635 laedatur,

431 3690 569 3732 non
631 3675 856 3733 tamen
919 3670 991 3732 in
1040 3670 1325 3733 exitium
1375 3670 1482 3734 rei
1507 3669 1820 3755 publicae
1867 3669 2339 3733 contenditur:
2404 3670 2528 3754 qui
2565 3670 2639 3732 in
2684 3670 2780 3734 al-

432 3781 726 3841 terutras
748 3781 980 3859 partes
1013 3777 1370 3849 discedent,
1419 3777 1560 3841 vice
1592 3777 1884 3840 hostium
1934 3798 2069 3839 non
2107 3781 2276 3839 sunt
2305 3798 2553 3848 eorum,
2602 3776 2784 3841 inter

434 3904 596 3968 quos
664 3882 820 3945 iura
868 3883 1351 3966 captivitatzum
1398 3889 1525 3948 aut
1556 3883 2125 3969 postliminiorum
2151 3883 2444 3967 fuerint.
2511 3888 2579 3945 et
2636 3884 2781 3947 ideo

434 3993 654 4073 captos
686 3993 753 4053 et
795 3991 1233 4055 venumdatos
1266 3996 1632 4075 posteaque
1677 3990 2124 4053 manumissos
2157 3988 2425 4072 placuit
2462 3997 2779 4074 superva-

434 4118 553 4159 cuo
598 4101 895 4182 repetere
925 4119 969 4160 a
994 4098 1306 4182 principe
1351 4098 1860 4182 ingenuitatem,
1913 4118 2114 4181 quam
2162 4096 2356 4159 nulla
2402 4095 2781 4181 captivitate

650 4326 689 4396 ¹)
729 4326 863 4396 Dig.
900 4345 987 4398 49,
1041 4344 1122 4397 15,
1170 4344 1221 4398 5,
1276 4345 1335 4382 1:
1373 4345 1489 4383 see.
1529 4327 1738 4398 Pomp.
1803 4360 1870 4370 —
1937 4326 1979 4396 ²)
2019 4326 2150 4397 Dig.
2187 4344 2274 4397 49,
2327 4343 2410 4396 15,
2464 4328 2557 4395 163
2620 4326 2666 4381 F
2671 4334 2777 4382 est.

430 4432 485 4486 p.
507 4418 615 4471 218
649 4415 758 4486 M.;
796 4415 1136 4471 Fest.Paul.
1162 4433 1218 4487 p.
1240 4433 1347 4485 219
1382 4415 1458 4470 M.
1499 4448 1566 4457 -
1608 4415 1649 4485 ⁸)
1688 4415 1927 4487 Dig.49,
1969 4432 2052 4486 15,
2095 4432 2163 4486 19
2198 4432 2285 4486 pr.
