3467 5350
1653 579 2142 631 ——112—

722 754 829 828 ius
864 756 1054 828 cives
1085 757 1153 826 hi
1186 758 1434 848 captivi
1467 758 1758 842 fuerant,
1808 771 2127 851 repetere
2170 773 2463 850 poterat,
2515 774 2590 831 ut
2620 762 2764 832 suis
2796 762 3073 852 legibus

722 866 788 935 in
837 888 962 935 eos
1010 866 1590 935 animadverteret
1610 870 1683 955 ¹).
2340 857 2344 862 ⁶

933 990 1154 1059 Etiam
1205 990 1522 1081 pactione
1566 990 1743 1061 inter
1791 992 2005 1061 duces
2054 992 2232 1062 sacta
2279 994 2771 1083 permutari
2822 994 3073 1085 captivi

722 1111 1061 1190 poterant.
1157 1097 1504 1185 Quoniam
1541 1098 1871 1168 omnibus
1903 1098 2346 1189 antiquorum
2382 1100 2576 1169 bellis
2618 1100 2864 1169 milites
2911 1100 3076 1169 nihil

723 1205 946 1294 magis
994 1205 1460 1289 intendebant,
1512 1227 1718 1294 quam
1772 1219 1846 1275 ut
1894 1206 2194 1276 hostium
2248 1230 2453 1297 quam
2503 1208 2839 1297 plurimos
2872 1207 3075 1294 vigos

724 1326 1067 1402 caperent,
1118 1312 1389 1402 proelio·
1417 1312 1793 1382 commisso
1835 1314 2051 1382 altera
2098 1336 2262 1403 pars
2312 1337 2697 1387 numerum*
2727 1314 3075 1405 quendam

722 1420 1000 1488 alterius
1040 1419 1106 1487 in
1153 1420 1471 1488 manibus
1520 1420 1840 1489 habebat.
1935 1420 2357 1489 Prudentiae
2406 1422 2813 1504 communis,
2864 1433 2939 1490 ut
2985 1420 3075 1490 ita

721 1526 964 1610 dicam,
1039 1549 1269 1596 nonne
1331 1539 1499 1609 erat,
1564 1528 1754 1615 quod
1826 1527 2043 1596 duces
2088 1528 2463 1618 populares
2512 1539 2759 1619 captos
2806 1550 3077 1618 permu-

723 1634 981 1703 tatione
1052 1634 1362 1725 recipere
1434 1636 1919 1704 conabantur?
2009 1635 2165 1704 Hoc
2240 1635 2526 1704 consilio
2591 1636 2976 1724 legationes
3035 1659 3075 1704 e

722 1742 1156 1831 captivorum
1234 1765 1545 1825 numero,
1630 1765 1929 1831 quorum
2011 1741 2259 1812 remitti
2327 1743 2613 1811 multum
2686 1743 3073 1826 interesset,

722 1850 906 1918 haud
956 1872 1117 1918 raro
1152 1851 1411 1919 electae
1445 1848 1791 1938 utrimque
1825 1850 2288 1932 mittebantur,
2341 1872 2521 1938 quae
2547 1850 2881 1919 offerrent
2925 1872 3074 1940 per-

722 1956 1189 2025 mutationem.
1285 1958 1485 2044 Quae
1522 1956 1841 2046 pactione
1874 1958 2053 2025 inter
2092 1957 2309 2025 duces
2358 1957 2536 2025 facta
2582 1956 2671 2025 ita
2720 1956 2950 2037 fiebat,
2998 1968 3076 2025 ut

722 2087 853 2154 pro
921 2065 1197 2155 captivo
1247 2064 1560 2155 captivus
1606 2065 2038 2132 redderetur.
2134 2063 2378 2133 Altera
2424 2086 2588 2153 pars
2635 2063 2693 2131 si
2740 2063 3070 2132 maiorem

721 2172 1022 2242 habebat
1070 2195 1452 2256 numerum,
1513 2195 1645 2264 pro
1706 2172 1806 2255 iis,
1872 2195 2052 2261 quos
2100 2172 2291 2241 alteri
2341 2175 2579 2262 plures
2626 2170 3073 2261 accipiebant,

718 2281 1150 2349 statuebatur
1184 2280 1499 2371 pretium.
1594 2279 1740 2350 Sed
1777 2281 1919 2348 dux
1953 2279 2315 2348 Romanus
2351 2279 2722 2369 oportebat
2756 2290 3068 2347 senatum

718 2387 1135 2468 consuleret,
1171 2388 1573 2478 priusquam
1608 2409 1760 2458 earn
1796 2387 2182 2477 pactionem
2218 2386 2439 2455 iniret.
2540 2386 2829 2456 Senatui
2863 2385 3065 2469 enim,

717 2518 803 2563 ne
835 2495 1254 2585 permutatio
1287 2495 1483 2563 fieret
1517 2494 1982 2584 captivorum,
2021 2494 2365 2563 interdum
2410 2494 2753 2583 placuisse
2780 2493 3071 2562 traditur

718 2625 757 2669 a
792 2624 1021 2670 rerum
1059 2602 1532 2692 scriptoribus.
1600 2603 1883 2692 Insigne
1911 2613 2016 2671 est
2042 2602 2436 2692 exemplum
2465 2600 2659 2670 Fabii
2684 2600 3070 2685 Maximi²):

717 2712 790 2774 in
827 2712 1307 2797 permutandis
1354 2713 1649 2798 captivis,
1700 2714 1884 2798 quod
1918 2713 2015 2776 sic
2050 2711 2277 2797 primo
2298 2711 2563 2775 Punico
2612 2710 2773 2775 bello
2793 2711 3070 2796 factum

718 2824 881 2891 erat,
933 2824 1339 2883 convenerat
1381 2820 1563 2885 inter
1609 2820 1811 2884 duces
1842 2821 2232 2885 Romanum
2264 2820 2706 2903 Poenumque
2753 2814 3065 2902 [Fabium

716 2935 786 2991 et
831 2922 1337 3010 Hannibalem],
1398 2932 1481 2990 ut
1540 2949 1711 3013 quae
1760 2935 1929 3012 pars
1978 2927 2143 3012 plus
2205 2925 2532 3011 reciperet
2590 2946 2793 3009 quam
2857 2924 3068 2995 daret,

715 3033 992 3117 argenti
1031 3034 1260 3119 pondo
1323 3034 1476 3098 bina
1536 3040 1604 3098 et
1656 3034 1936 3098 selibras
1996 3034 2070 3097 in
2124 3032 2400 3097 militem
2431 3036 2828 3117 praestaret.
2921 3026 3067 3097 Sed

720 3137 1156 3226 imperatoris
1188 3138 1486 3207 Romani
1534 3151 1684 3208 erat
1730 3151 1966 3230 patres
2016 3139 2406 3219 consulere,
2455 3137 2857 3228 priusquam
2892 3135 3071 3203 hanc

720 3243 1107 3333 pactionem
1170 3244 1390 3314 iniret.
1485 3245 1698 3331 Quod
1751 3268 1904 3314 cum
1955 3244 2213 3314 Fabius
2262 3243 2632 3325 omisisset,
2703 3253 3072 3332 argentum

720 3349 1026 3419 debitum
1057 3391 1133 3400 -
1162 3350 1529 3419 Romanus
1561 3351 1742 3419 enim
1777 3352 2026 3442 plures‘
2050 3373 2256 3441 quam
2283 3350 2564 3419 Poenus
2600 3361 2960 3440 receperat
2983 3395 3072 3403 —

719 3478 932 3547 saepe
964 3457 1211 3526 iactata
1242 3456 1322 3525 in·
1341 3470 1588 3527 senatu
1623 3480 1699 3526 re
1730 3459 1997 3527 tardius
2028 3459 2473 3546 erogabatur.
2546 3457 2788 3547 Itaque
2814 3455 3070 3526 Fabius

670 3573 673 3576 ’
719 3563 949 3632 facere
1010 3587 1148 3632 non
1196 3565 1438 3654 potuit,
1505 3566 1666 3655 quin
1716 3565 2118 3634 inviolatum
2168 3564 2257 3633 ab
2306 3567 2512 3633 hoste
2559 3586 2808 3652 agrum
2856 3562 3069 3631 misso

719 3670 1015 3738 Romam
1067 3671 1328 3757 Quinto
1376 3671 1516 3740 filio
1565 3672 1903 3740 venderet
1949 3671 2303 3760 fidemque
2350 3670 2695 3762 publicam
2742 3668 3071 3760 inpendio

722 3777 997 3868 privato
1030 3778 1462 3847 exsolveret.
1558 3778 1768 3847 Cass.
1810 3777 2011 3864 Dios)
2061 3779 2149 3847 de
2197 3780 2441 3847 eadem
2489 3778 2845 3868 pactione:
2917 3781 3073 3842 ἀντι-

719 3887 948 3960 δόσεως
1012 3893 1130 3950 τῶν
1193 3888 1588 3975 αἰχμαλώτων
1637 3897 1768 3963 τοῖς
1805 3885 2132 3972 Ῥωμαίοις
2191 3888 2345 3976 πρὸς
2409 3886 2556 3961 τοὺς
2605 3885 3071 3975 Καρχηδονίους,

719 3991 867 4058 ὥσθ’
919 3995 1214 4083 ὁποτέρων
1272 3995 1393 4081 [ἂν]
1440 3996 1686 4070 πλείους
1732 3995 2050 4085 εὑρεθῶσιν
2112 3996 2607 4084 ἀπολυτρωθῆναί
2666 4017 2848 4082 σφας,
2911 4015 3074 4075 γενο-

721 4104 931 4187 μένης,
987 4102 1082 4165 καὶ
1128 4107 1248 4165 τῶν
1283 4098 1606 4186 (Ρωμαίων
1654 4104 1737 4189 μὴ
1788 4103 2211 4188 βουληθέντων
2259 4094 2481 4176 αὐτοὺς
2529 4102 2594 4165 ἐκ
2639 4108 2745 4165 τοῦ
2791 4101 3073 4185 δημοσίου

717 4209 1152 4297 λυτρώσασθαι,
1202 4210 1277 4271 τοὶ
1317 4213 1507 4298 χωρία
1539 4213 1568 4274 ὁ
1602 4209 1833 4294 Φάβιος
1881 4211 2247 4294 ἀποδόμενος
2279 4212 2354 4275 τοὶ
2386 4211 2576 4298 λύτρα
2622 4209 2829 4281 αὐτοῖς
2876 4207 3074 4295 ἐχαρί-

937 4419 977 4491 ¹)
1017 4420 1145 4477 Liv.
1183 4421 1235 4489 6,
1277 4438 1360 4493 17,
1400 4439 1450 4494 7.
1496 4453 1551 4462 —-
1599 4419 1642 4492 ¹)
1682 4420 1812 4477 Liv.
1851 4438 1939 4491 22,
1976 4436 2065 4491 23,
2101 4422 2154 4477 6.
2201 4453 2257 4461 —
2303 4419 2346 4491 ⁸)
2387 4419 2494 4491 frg.
2539 4436 2622 4490 14,
2660 4435 2747 4492 57,
2789 4434 2874 4490 15.
