3467 5350
1328 649 1818 730 “119⁶-

396 832 724 927 Epirotae
782 834 970 906 initio
1033 835 1305 926 legatos
1371 848 1616 928 captos
1662 834 1979 925 singulos
2044 836 2325 925 quina
2388 829 2749 905 talenta

398 946 566 1014 dare
626 943 997 1026 iusserunt,
1069 943 1360 1012 remissa
1420 941 1621 1034 pretii
1681 954 1882 1033 parte
1947 950 2218 1010 terna
2286 945 2649 1011 talenta
2709 967 2749 1013 a

402 1051 689 1142 captivis
768 1063 1177 1141 exegerunt.
1293 1049 1440 1120 Sed
1518 1050 1946 1133 Alexander,
2024 1072 2204 1119 unus
2280 1074 2367 1119 ex
2438 1051 2747 1143 captivis,

399 1157 692 1250 amplius
734 1183 908 1225 uno
953 1160 1205 1224 talen
1229 1164 1311 1224 to
1352 1180 1431 1226 se
1462 1158 1784 1227 daturum
1815 1179 1975 1226 esse
2004 1157 2316 1247 negavit,
2366 1158 2433 1226 id
2465 1181 2749 1248 quoque

396 1265 682 1335 multum
732 1288 892 1336 esse
940 1264 1204 1334 addidit
1228 1271 1298 1351 1).

609 1372 923 1465 Inprimis
970 1372 1342 1464 piratae
1400 1384 1678 1462 praeter
1726 1384 1998 1441 ceteros
2061 1372 2405 1442 florebant
2452 1374 2743 1442 summis

398 1480 633 1571 pretiis
680 1479 959 1549 exactis,
1053 1479 1646 1548 Ptolemaeus
1710 1480 2057 1570 quondam
2110 1479 2450 1548 Clodio
2515 1480 2598 1549 illi
2655 1481 2747 1549 in-

398 1587 557 1657 fami
603 1610 644 1655 a
690 1586 927 1678 piratis
993 1600 1199 1676 capto
1247 1577 1310 1655 in
1362 1586 1908 1676 redemptionem
1970 1591 2139 1653 duo
2201 1595 2551 1655 tantum
2614 1597 2746 1655 ta-

399 1697 658 1761 lenta
713 1716 881 1785 prae
922 1693 1207 1763 avaritia
1240 1693 1621 1762 contulerat
1640 1697 1709 1778 ⁹).
1803 1692 2131 1783 Virgines
2165 1717 2448 1784 quoque
2495 1718 2749 1783 magna

395 1799 686 1892 pecunia
733 1824 772 1869 e
815 1799 1188 1892 piratarum
1240 1800 1558 1869 manibus
1606 1813 1766 1869 sunt
1814 1801 2217 1891 redemptae
2234 1805 2304 1884 ³¹).
2401 1802 2747 1871 Caesar

397 1909 482 1976 ad
531 1908 1072 1976 Pharmacusam
1133 1906 1428 1976 insulam
1478 1931 1517 1977 a
1564 1907 1800 1998 piratis
1860 1919 2128 1997 captuS,
2196 1921 2269 1976 ut
2332 1909 2743 1993 solveretur,

397 2015 784 2084 numeravit
833 2017 1520 2103 quinquaginta
1568 2017 1965 2099 talenta4),
2015 2037 2434 2105 quamquam
2486 2016 2748 2107 piratae

395 2124 708 2191 feruntur
752 2121 1094 2210 viginti
1140 2132 1401 2189 tantum
1451 2120 1847 2210 postulasse
1872 2126 1939 2207 ⁵).

607 2227 955 2315 Quoniam
990 2227 1243 2318 captivi
1278 2269 1344 2278 —
1377 2240 1451 2296 ut
1497 2250 1711 2317 supra
1730 2231 1780 2311 θ)
1816 2227 1946 2296 iam
1996 2228 2632 2298 demonstravimus
2677 2271 2737 2279 —

396 2335 549 2404 belli
615 2336 764 2405 iure
829 2335 1328 2424 redigebantur
1375 2336 1461 2403 ad
1509 2357 1877 2403 servorum
1926 2346 2202 2418 statum,
2270 2336 2605 2424 sequitur,
2672 2349 2749 2405 ut

400 2442 580 2511 bello
628 2455 872 2533 captus
921 2442 1224 2512 amiserit
1261 2455 1329 2511 et
1365 2443 1749 2511 libertatem
1783 2455 1851 2511 et
1885 2443 2227 2512 civitatem
2277 2456 2345 2512 et
2392 2443 2745 2525 familiam3

397 2550 932 2618 deminutus
998 2562 1139 2618 est
1203 2549 1535 2638 capite.
1631 2549 1903 2619 Omnes
1956 2549 2271 2628 Romani,
2340 2550 2453 2639 qui
2517 2549 2580 2617 in
2632 2551 2747 2619 ho·

396 2656 596 2725 stium
663 2669 1076 2746 potestatem
1139 2656 1441 2744 veniunt,
1515 2660 1859 2725 deminuti
1898 2670 2058 2727 sunt
2104 2660 2336 2747 capite,
2384 2659 2759 2725 abalienati

397 2768 549 2832 iure
580 2754 846 2841 ez‘vyzum,
891 2767 1079 2832 servi
1096 2768 1163 2850 ⁷).
1257 2765 1618 2854 Optimum
1653 2788 1815 2833 esse
1846 2778 2016 2855 puto
2053 2767 2189 2834 hoc
2238 2767 2394 2835 loco
2443 2766 2749 2835 breviter

395 2870 858 2955 conscribere,
929 2893 1070 2960 quo
1137 2871 1348 2939 modo
1397 2882 1678 2940 veteres
1732 2871 1974 2960 capitis
2022 2872 2560 2941 deminutionem
2611 2872 2748 2942 sint

397 2978 840 3068 interpretati,
888 2978 1139 3046 deinde
1188 3000 1547 3068 quaerere,
1598 2978 1707 3046 cui
1756 2978 2241 3047 deminutionis
2289 2979 2527 3067 generi
2576 2979 2745 3048 inse·

393 3087 612 3155 renda
643 3084 731 3154 sit
764 3084 1143 3174 captivitas·
1217 3083 1469 3153 Festus
1481 3089 1572 3169 ⁸):
1608 3087 2001 3152 deminutus
2027 3088 2238 3174 capite
2260 3088 2745 3174 appellabatur,

396 3196 520 3282 qui
560 3195 827 3260 cibitate
873 3200 1175 3259 mutatus
1221 3200 1360 3264 est,·
1425 3199 1494 3258 et
1548 3216 1636 3258 ex
1681 3193 1820 3258 alia
1841 3194 2125 3281 familia
2172 3195 2245 3258 in
2292 3195 2499 3258 altam
2546 3196 2744 3281 adop-

395 3307 578 3367 tatus
594 3326 624 3372 ‚·
692 3307 761 3366 et
803 3301 928 3388 qui
964 3302 1132 3366 liber
1175 3301 1382 3365 alteri
1420 3302 1752 3387 mancipio
1800 3303 2000 3366 datus
2047 3308 2147 3367 est
2156 3324 2187 3373 ,⁴
2237 3308 2305 3366 et
2349 3302 2474 3388 qui
2512 3303 2584 3366 in
2632 3303 2743 3366 lzo-

391 3409 599 3472 stium
621 3414 1015 3494 potestatem
1049 3409 1238 3473 venit
1267 3414 1335 3472 et
1363 3409 1480 3472 cui
1502 3431 1680 3494 aqua
1713 3409 1993 3494 ignique
2037 3409 2470 3473 interdictum
2519 3414 2631 3474 est.
2667 3448 2736 3457 —

404 3516 658 3601 Capitis·
704 3515 1185 3580 deminutionis
1230 3516 1365 3580 tria
1402 3538 1660 3600 genera
1703 3520 1889 3588 sunt,
1949 3515 2269 3588 maxima,
2334 3515 2574 3588 media,
2623 3516 2744 3578 mi-

394 3623 582 3686 nima
602 3649 626 3686 .·
674 3623 806 3687 tria
844 3624 1034 3686 ‘enim
1079 3627 1263 3693 sunt,
1316 3644 1487 3706 quae
1533 3620 1854 3685 habemus
1870 3648 1893 3685 .·
1946 3622 2336 3695 libertatem,
2388 3622 2741 3694 civitatem,

392 3730 759 3816 familiam.
807 3729 1022 3814 igitur
1049 3751 1199 3793 cum
1233 3729 1459 3793 omnia
1490 3729 1653 3793 haec
1682 3729 2077 3802 amittimuS,
2105 3729 2226 3794 boc
2254 3734 2355 3794 est
2374 3729 2742 3793 libertatem

395 3842 462 3900 et
522 3836 853 3900 ciuitatem
921 3841 989 3900 et
1022 3835 1395 3922 familiam,
1469 3836 1838 3899 maximam
1911 3858 2050 3900 esse
2127 3837 2362 3923 capitis
2438 3836 2744 3899 deminu-

394 3943 639 4007 tionem
688 3994 701 4008 .
751 3994 764 4007 .
813 3994 825 4007 .
873 3948 1133 4007 constat
1145 3944 1218 4025 9).
1311 3942 1632 4006 Maxima
1696 3948 1797 4007 est
1854 3943 2087 4028 capitis
2135 3943 2522 4014 deminutio,
2592 3963 2742 4005 cum

391 4050 638 4135 aliquir
681 4051 896 4114 simul
936 4056 1003 4114 et
1045 4050 1377 4114 civitatem
1426 4055 1494 4114 et
1535 4049 1906 4115 libertatem
1953 4049 2218 4114 amittit.
2285 4049 2468 4135 quod
2504 4048 2748 4111 accidit

392 4157 466 4220 in
535 4158 660 4231 lzzlv,
735 4158 859 4242 qui
909 4158 1097 4222 servi
1135 4166 1399 4243 poenae
1467 4157 1869 4243 efficiuntur
1933 4155 2281 4221 atrocitate
2344 4155 2739 4227 sententiae,

609 4314 649 4385 ¹)
688 4315 893 4388 Polyb.
933 4314 1041 4387 frg.
1079 4335 1166 4386 22,
1215 4334 1268 4387 9,
1318 4333 1510 4388 7—14.
1576 4345 1632 4355 —
1697 4314 1742 4385 ²)
1779 4315 1939 4388 App.
1977 4318 2032 4373 b.
2072 4334 2119 4372 c.
2158 4333 2209 4385 2,
2246 4333 2332 4386 23.
2396 4348 2451 4355 —
2512 4314 2554 4384 ⁸)
2594 4314 2740 4371 Plut.

390 4403 598 4475 Pomp.
635 4422 724 4477 24,
761 4423 812 4475 4.
870 4438 924 4446 —
988 4405 1033 4475 ⁴)
1072 4404 1310 4461 Sueton.
1350 4404 1520 4460 Caes,
1559 4424 1610 4474 4.
1671 4436 1726 4445 —
1792 4404 1833 4475 ⁸)
1873 4405 2021 4461 Plut.
2062 4405 2230 4461 CaeS.
2268 4422 2319 4474 2,
2362 4422 2409 4460 1.
2466 4434 2520 4443 -
2586 4404 2629 4474 ⁶)
2671 4403 2740 4460 cf.

390 4509 447 4563 p.
466 4510 555 4564 93,
592 4511 680 4564 94.
719 4525 773 4533 —
831 4493 873 4564 ⁷)
913 4493 1039 4549 Liv.
1078 4513 1166 4564 22,
1202 4498 1290 4564 60,
1333 4511 1415 4566 15.
1461 4524 1518 4532 —
1564 4492 1607 4564 ⁸)
1647 4512 1703 4566 p.
1743 4512 1815 4567 7o
1849 4494 1926 4551 M.
1985 4526 2040 4534 —
2112 4493 2157 4564 ⁹)
2195 4492 2328 4565 Dig.
2366 4510 2417 4563 4,
2454 4509 2506 4564 5,
2551 4509 2632 4549 11.
