3467 5350
1330 636 1775 705 „51-

378 811 768 901 singillatim
831 811 938 880 hic
1001 817 1255 896 usus¹).
1352 811 1640 879 Cassius
1691 812 1827 880 Dio
1890 824 2050 901 post
2114 810 2439 880 Caesaris
2501 812 2727 880 trium-

376 922 588 1010 phum
658 921 998 1008 quosdam
1065 921 1197 987 sub
1260 918 1576 987 sacrificii
1641 918 1774 986 ritu
1836 919 2185 1007 iugulatos
2252 941 2410 987 esse
2473 932 2725 989 narrat.

381 1027 631 1116 Neque
682 1038 1005 1095 constare
1053 1026 1263 1109 addit,
1315 1048 1452 1114 qua
1501 1026 1589 1093 de
1639 1049 1849 1094 causa
1898 1026 1965 1094 id
2012 1026 2264 1093 factum
2314 1027 2402 1094 sit
2419 1050 2435 1108 ;
2503 1049 2728 1115 neque

381 1135 560 1202 enim
622 1134 889 1221 Sibylla
946 1135 1080 1202 hoc
1140 1146 1593 1223 praeceperat
1655 1157 1779 1202 nec
1843 1132 2025 1202 aliud
2093 1134 2155 1201 in
2225 1134 2400 1201 hanc
2461 1146 2729 1202 senten-

384 1243 543 1310 tiam
608 1243 956 1310 oraculum
1023 1243 1372 1309 exstabat:
1438 1255 1664 1309 tamen
1714 1242 1778 1309 in
1832 1265 2078 1332 campo
2128 1241 2376 1310 Martio
2426 1266 2464 1310 a
2512 1243 2726 1331 ponti-

383 1349 628 1418 ficibus
692 1362 760 1418 et
819 1349 1095 1417 flamine
1144 1348 1433 1417 Martiali
1480 1348 1806 1417 immolati
1872 1361 2035 1417 sunt
2097 1362 2165 1417 et
2214 1350 2436 1439 capita
2485 1374 2725 1419 eorum

380 1481 604 1548 prope
646 1457 941 1546 Regiam
992 1457 1231 1525 Martis
1277 1458 1553 1525 fuerunt
1598 1456 2046 1546 proposita2).

596 1565 968 1634 Praeterea
1000 1565 1309 1633 scribunt
1353 1564 1630 1653 quidam
1668 1563 1957 1633 Perusia
1996 1576 2195 1654 capta
2242 1578 2591 1634 trecentos
2641 1589 2729 1634 ex

385 1672 718 1741 dediticiis
781 1672 1038 1740 electos
1088 1672 1446 1760 utriusque
1492 1671 1752 1740 ordinis
1800 1672 1889 1739 ad
1938 1694 2128 1740 aram
2179 1671 2363 1741 Divo
2404 1673 2571 1741 Iulio
2619 1696 2730 1742 ex-

383 1790 713 1848 structam
764 1779 998 1847 Idibus
1046 1778 1308 1847 Martiis
1372 1779 1754 1847 hostiarum
1819 1801 2014 1847 more
2081 1802 2238 1848 esse
2299 1792 2637 1848 mactatos
2658 1784 2727 1866 3).

383 1888 529 1957 Sed
596 1899 918 1955 auctores
984 1888 1110 1955 hac
1174 1887 1239 1954 in
1291 1909 1367 1955 re
1411 1887 1685 1954 minime
1734 1888 2174 1955 consentiunt
2223 1899 2431 1976 atque
2482 1888 2729 1957 famam

384 2018 541 2063 esse
588 2006 1043 2085 pervagatam
1096 2006 1294 2062 caute
1343 1995 1626 2062 addunt.

599 2102 795 2171 Haec
836 2101 1173 2169 sacrificia
1199 2101 1417 2169 videri
1450 2101 2000 2169 extraordinaria
2046 2113 2113 2169 et
2162 2125 2448 2190 perraro
2480 2102 2729 2170 Roma·

387 2232 516 2277 nos
565 2231 722 2279 esse
768 2232 937 2278 usos
988 2209 1305 2277 humanis
1367 2208 1609 2277 hostiis
1666 2208 2011 2277 neminem
2058 2208 2251 2297 fugit.
2347 2210 2569 2278 Aliter
2615 2233 2732 2278 res

387 2340 463 2385 se
512 2318 737 2401 habet,
801 2317 860 2385 si
920 2317 1163 2385 oculos
1220 2316 1630 2405 animosque
1680 2316 2014 2384 vertimus
2062 2317 2150 2384 ad
2199 2317 2496 2406 populos
2544 2318 2732 2386 feros

385 2426 885 2514 barbarosque,
921 2424 1332 2513 quibuscum
1360 2423 1696 2492 Romanis
1724 2424 2223 2492 decertandum
2252 2436 2429 2492 erat.
2511 2425 2730 2493 Multo

381 2532 659 2622 saepius
681 2531 1067 2599 invenimus
1086 2532 1564 2600 Romanorum
1586 2532 1831 2600 milites
1854 2531 2221 2600 crudeliter
2242 2544 2578 2600 mactatos
2602 2533 2731 2600 dis·

382 2663 517 2729 que
542 2639 934 2708 immolatos
967 2662 1125 2708 esse
1158 2641 1245 2709 ab
1289 2640 1604 2709 hostibus
1636 2662 1808 2709 vere
1832 2639 2203 2709 ferocibus.
2265 2644 2484 2727 Quam
2512 2643 2729 2717 multi,

381 2749 596 2839 inquit
631 2748 901 2833 Cicero,
950 2756 1033 2814 ut
1069 2753 1287 2816 Tauri
1311 2752 1383 2815 in
1412 2752 1674 2824 Axino,
1724 2757 1809 2815 ut
1836 2752 1962 2816 rex
1989 2752 2296 2837 Aegypti
2318 2752 2604 2825 Busz‘rz'S,
2654 2758 2737 2816 ut

392 2859 594 2931 Galli,
644 2863 727 2922 ut
751 2859 972 2923 Poeni
996 2859 1296 2923 homines
1327 2859 1673 2924 immolare
1713 2864 1781 2923 et
1811 2859 2009 2944 pium
2059 2865 2127 2923 et
2169 2860 2297 2923 diis
2344 2860 2731 2924 zmrnortalz‘-

384 2966 503 3030 bus
556 2966 1025 3051 gratis-simum
1055 3030 1059 3033 ,
1086 2989 1224 3031 esse
1271 2965 1630 3031 duxerunt
1647 2966 1747 3054 4)!
1847 2967 2733 3051 Carthaginiensibus

378 3073 746 3159 aliquando
777 3074 995 3138 visum
1030 3080 1129 3138 est
1162 3075 1462 3138 homines
1509 3075 1871 3148 immolare,
1917 3074 2045 3138 sed
2083 3075 2257 3140 male
2290 3080 2732 3160 praesumpta

368 3181 722 3266 persuasio
773 3181 959 3245 brevi
986 3182 1466 3266 praetermissa
1513 3184 1688 3262 est5).
1783 3177 1967 3265 Quin
2016 3178 2219 3246 etiarn
2254 3178 2470 3247 Poeni
2518 3200 2731 3266 quon-

381 3285 541 3352 dam
592 3285 868 3353 retineri
920 3308 1058 3353 non
1105 3297 1502 3376 potuerunt,
1550 3285 1608 3354 si
1649 3285 1926 3375 quidem
1976 3286 2237 3354 Iustino
2272 3285 2480 3354 fidem
2530 3287 2731 3354 habe-

381 3414 557 3475 muS,
609 3392 771 3481 quin
813 3391 1231 3482 impubereS,
1283 3416 1463 3483 quae
1511 3405 1701 3461 aetas
1752 3394 1953 3461 etiam
2002 3394 2302 3462 hostium
2352 3393 2733 3461 misericor-

382 3500 561 3567 diam
606 3513 1042 3590 provocaret‚
1094 3501 1230 3568 aris
1261 3501 1739 3584 admoverent,
1788 3523 2030 3590 pacem
2063 3501 2354 3569 deorum
2391 3501 2733 3589 sanguine

383 3629 624 3675 eorum
674 3618 1155 3696 exposcenteS,
1224 3631 1351 3697 pro
1416 3630 1713 3702 quorum
1777 3607 1919 3676 vita
1980 3608 2070 3677 dii
2133 3607 2369 3697 rogari
2435 3609 2731 3677 maxime

381 3714 694 3799 solent0).
811 3713 1413 3783 Mercennarii
1481 3714 2382 3804 Carthaginiensium
2452 3727 2772 3806 praeter'

384 3833 658 3889 ceteros
719 3820 1065 3890 florebant
1127 3821 1413 3890 saevitia
1489 3835 1697 3911 atque
1766 3823 2185 3891 immanitate
2212 3825 2279 3910 ⁷).
2375 3822 2624 3912 Neque
2694 3846 2733 3891 a

381 3926 762 4015 Scythis
826 3927 1122 3996 alienum
1183 3941 1331 3997 erat
1391 3930 1707 3997 homines
1770 3942 2075 3997 mactare
2095 3934 2165 4017 ⁸).
2260 3929 2469 3997 Haud
2525 3952 2731 3997 secus

601 4127 638 4194 ¹)
678 4125 821 4181 Plin.
843 4144 930 4197 30,
973 4144 1054 4181 12.
1101 4158 1156 4165 -—
1204 4125 1244 4193 ²)
1283 4127 1446 4183 Cass,
1474 4126 1603 4183 Dio.
1631 4144 1716 4198 43,
1755 4144 1842 4197 24,
1880 4145 1930 4197 4.
1977 4159 2033 4166 —
2080 4125 2122 4195 ⁸)
2164 4126 2401 4182 Sueton.
2441 4124 2596 4195 Aug.
2640 4143 2730 4197 15;

383 4216 547 4272 Cass.
586 4216 714 4272 Dio.
752 4219 840 4288 48,
881 4234 964 4288 14,
1003 4235 1054 4287 4.
1101 4250 1156 4257 —
1214 4215 1258 4287 ⁴)
1297 4216 1412 4272 Cic.
1454 4218 1528 4271 de
1566 4234 1690 4288 rep.
1728 4234 1780 4286 3,
1822 4232 1903 4287 15.
1949 4245 2006 4254 -
2062 4214 2106 4287 ⁵)
2146 4214 2319 4270 Oros,
2357 4232 2407 4286 4,
2446 4233 2534 4284 21,
2571 4218 2622 4271 8.
2669 4248 2725 4255 -

383 4305 427 4376 ⁶)
469 4306 663 4362 lustin.
715 4306 851 4377 epit.
910 4310 992 4376 18,
1043 4308 1096 4376 6,
1149 4323 1231 4361 12.
1306 4340 1362 4347 --
1436 4305 1479 4373 ⁷)
1518 4305 1723 4378 Polyb.
1767 4323 1814 4375 1,
1851 4308 1939 4375 88,
1977 4324 2039 4378 7:
2098 4303 2169 4356 ὧν
2206 4303 2352 4376 ἡμεῖς
2398 4300 2551 4376 ἴσμεν,
2606 4302 2732 4376 ἀκοῇ

381 4393 648 4467 μαθόντες,
702 4393 830 4447 πολύ
868 4413 915 4447 τι
962 4391 1080 4455 τοὺς
1127 4394 1315 4455 ἄλλους
1353 4393 1579 4468 ὠμότητι
1614 4389 1692 4447 καὶ
1728 4392 2004 4467 παρανομίᾳ
2042 4392 2382 4467 διενηνοχότα.
2429 4427 2484 4434 -
2532 4393 2573 4461 ⁸)
2613 4394 2731 4468 Ap-

381 4483 536 4555 pian.
575 4483 766 4539 Mithr.
809 4501 927 4539 102.
