3467 5350
1369 633 1813 701 -43—

417 813 754 878 dedendos
819 813 1345 897 lacerandosque
1408 816 1833 883 censuerant,
1903 810 2396 875 miserationem
2419 811 2617 897 fecit,
2690 815 2773 875 ut

412 942 579 984 suae
641 919 923 1005 quisque
984 919 1388 983 condicionis
1434 917 1675 983 oblitus
1720 918 1803 982 ab
1848 919 1967 982 illa
2015 918 2494 1003 deformatione
2540 922 2770 983 tantae

418 1027 784 1092 maiestatis
852 1026 1043 1091 velut
1105 1026 1186 1090 ab
1256 1027 1548 1112 nefando
1615 1025 1991 1111 spectaculo
2059 1030 2395 1090 averteret
2459 1027 2678 1091 oculos
2699 1028 2766 1113 ¹).

414 1135 644 1200 Primi
700 1134 1004 1198 consules
1055 1141 1268 1219 prope
1326 1133 1677 1198 seminudi
1728 1132 1853 1196 sub
1915 1132 2156 1217 iugum
2223 1133 2427 1207 missi,
2500 1140 2644 1199 tum
2691 1141 2774 1200 ut

420 1242 701 1328 quisque
737 1242 969 1327 gradu
1020 1241 1382 1327 proximus
1444 1245 1607 1314 erat,
1666 1239 1763 1304 ita
1810 1239 2222 1324 ignominiae
2268 1240 2573 1314 obiectus,
2623 1246 2768 1306 tum

418 1351 726 1435 deinceps
746 1350 1060 1435 singulae
1084 1350 1375 1434 legiones
1386 1373 1415 1420 ,·
1468 1347 1994 1413 circumstabant
2013 1348 2268 1412 armati
2288 1348 2506 1412 lzostes
2534 1357 2767 1435 expro-

419 1458 686 1522 brantes
721 1457 1240 1543 eludentesque,·
1281 1456 1509 1542 gladii
1548 1456 1746 1521 etiam
1781 1454 2130 1541 plerisque
2176 1454 2504 1520 intentati
2527 1460 2596 1520 et
2622 1458 2767 1521 vul-

416 1564 647 1630 nerati
685 1564 959 1650 quidam
1005 1564 1376 1650 necatique,
1423 1565 1492 1628 si
1530 1565 1762 1628 vultus
1809 1584 2038 1628 eorum
2084 1562 2491 1648 indignitate
2537 1586 2768 1630 rerum

415 1672 635 1737 acrior
679 1672 991 1736 victorem
1040 1672 1445 1759 offendisset.
1540 1668 1744 1755 Quae
1791 1667 1850 1736 si
1896 1690 2066 1735 vera
2114 1679 2368 1751 essent,
2417 1668 2767 1739 Samnites

414 1778 737 1847 ferociter
784 1777 1137 1845 violabant
1192 1776 1583 1866 pactionem
1633 1786 1837 1844 antea
1884 1775 2137 1844 initam.
2235 1774 2414 1843 Nam
2464 1787 2538 1844 ut
2583 1776 2768 1846 vitae

414 1885 695 1955 inermis
788 1883 1032 1968 militis,
1121 1883 1240 1973 qui
1316 1884 1447 1952 sub
1527 1882 1766 1971 iugum
1845 1881 2259 1966 mittebatur,
2338 1896 2764 1973 parceretur,

415 1994 638 2086 prima
699 2004 849 2061 erat
908 1991 1114 2060 huius
1174 2003 1312 2060 tam
1376 1990 1820 2080 ignominiosi
1882 2013 2054 2059 usus
2117 1990 2525 2081 condici02).
2619 1992 2766 2063 Sed

418 2100 757 2190 Campani
821 2098 1198 2167 exercitum
1249 2098 1730 2166 Romanorum
1793 2120 1949 2166 cum
2015 2098 2418 2168 consulibus
2481 2100 2615 2168 sub
2678 2100 2768 2168 iu-

418 2231 584 2296 gum
637 2208 922 2275 missum
970 2205 1452 2274 venerabiliter
1500 2217 1925 2296 exceperunt
1976 2205 2432 2296 protinusque
2480 2207 2768 2275 consuli-

416 2318 547 2385 bus
576 2314 872 2403 insignia
904 2312 1213 2398 honoriS,
1255 2312 1578 2382 militibus
1610 2325 1905 2396 vestem,
1947 2334 2159 2396 arma,
2195 2335 2440 2403 equos,
2475 2335 2768 2383 comme-

419 2436 604 2492 atum
655 2421 1153 2511 benignissime
1199 2422 1622 2512 praestando
1669 2432 1741 2489 et
1799 2420 2097 2510 inopiam
2147 2431 2216 2488 et
2263 2420 2766 2490 deformitatem

414 2531 776 2600 Romanae
827 2529 1039 2598 cladis
1082 2541 1435 2598 mutarunt
1452 2531 1521 2614 ⁸).
1615 2528 1854 2599 Semel
1897 2527 2287 2617 pactionem
2336 2527 2566 2596 initam
2610 2550 2769 2597 esse

413 2638 712 2722 invenio,
779 2649 854 2707 ut
912 2636 1214 2707 victores
1275 2648 1873 2728 prosequerentur
1930 2635 1995 2705 in
2068 2635 2306 2705 itinere
2369 2636 2612 2720 vict05,
2681 2659 2767 2706 ne

424 2746 852 2815 violarentur
871 2749 942 2832 ⁴).
1051 2745 1236 2832 Quin
1302 2744 1505 2813 etiam
1575 2744 1865 2813 Pontius
1927 2744 2057 2828 ille,
2143 2742 2530 2815 Samnitum
2606 2745 2770 2828 duX,

415 2854 751 2923 Romanis
814 2855 944 2922 sub
992 2852 1232 2942 iugum
1280 2851 1512 2921 missis
1559 2851 1780 2921 fertur
1827 2851 2264 2921 concessisse
2311 2851 2631 2921 vehicula
2680 2863 2769 2921 at-

418 2983 554 3050 que
600 2961 925 3029 viaticum
947 2966 1017 3046 ε5).

631 3068 931 3137 Romani
975 3066 1105 3158 ipsi
1153 3066 1644 3156 antiquissimis
1692 3079 1956 3135 tanturn
2005 3067 2457 3156 temporibus,
2515 3068 2767 3137 utiam

418 3199 631 3265 supra
693 3175 1167 3244 demonstravi
1186 3179 1257 3261 ⁰),
1323 3177 1697 3244 utebantur
1759 3175 1947 3263 iugo,
2049 3175 2304 3244 Postea
2366 3177 2772 3244 remanebat

419 3283 960 3366 consuetud0,-—
999 3305 1178 3373 quae
1204 3281 1488 3372 vigebat
1513 3281 1822 3372 inprimis
1848 3283 2030 3351 bello
2057 3282 2318 3351 Punico
2343 3283 2758 3366 secundo,—

417 3404 490 3459 ut
522 3389 842 3482 pactione
877 3391 1121 3476 facta⁷)
1149 3389 1356 3459 armis
1398 3388 1662 3458 traditis
1679 3394 1730 3473 8)
1781 3390 1972 3459 abire
2020 3412 2174 3459 cum
2223 3389 2513 3478 singulis
2570 3390 2770 3459 vesti-

634 3590 653 3628 ,
772 3588 784 3600 .

633 3593 681 3749 ²))
713 3588 945 3751 ἓίιζαί,
970 3593 1053 3751 163,
1070 3607 1136 3752 '173
1165 3679 1234 3735 cf.
1255 3696 1343 3750 24,
1363 3697 1450 3751 47,
1473 3696 1566 3749 103
1592 3696 1681 3750 32,
1701 3696 1789 3751 34,
1809 3696 1868 3751 7,
1889 3677 2058 3733 Dion.
2074 3677 2207 3733 Hal.
2227 3696 2310 3749 10,
2330 3679 2594 3751 243Zon.
2610 3698 2661 3752 7,
2682 3681 2769 3735 26.

634 3767 675 3838 ⁸)
713 3768 911 3825 Valer.
949 3769 1107 3826 Max.
1146 3786 1198 3841 5,
1242 3786 1288 3839 1,
1329 3776 1444 3824 ext.
1483 3785 1534 3840 5.
1581 3802 1637 3810 —-
1682 3767 1726 3839 4)
1766 3767 1894 3823 Liv.
1932 3768 2022 3839 36,
2060 3785 2148 3839 33,
2184 3769 2236 3824 6.
2495 3829 2498 3832 ,

635 3855 677 3927 ³)
716 3856 973 3931 Appian.
1000 3857 1200 3914 Samn.
1232 3878 1284 3930 4,
1321 3859 1381 3913 6:
1419 3877 1498 3911 και
1519 3876 1626 3912 τινα
1652 3855 1896 3930 ὑποζύγια
1934 3855 2117 3911 ἔδωκεν
2154 3855 2317 3919 αὐτοῖς
2355 3858 2409 3919 ἐς
2444 3877 2560 3920 τους
2597 3856 2771 3933 ἀῤῥω-

419 3949 667 4007 στοῦντας,
707 3965 784 3999 και
820 3948 1030 4020 τροφήν,
1071 3944 1188 4021 ἄχρι
1222 3953 1318 4022 τῆς
1354 3946 1565 4020 Ῥώμης
1600 3945 1866 4021 φέρεσθαι,
1892 3982 1947 3989 -
1976 3946 2019 4016 ⁸)
2059 3966 2116 4021 p.
2153 3949 2332 4021 37138.

636 4033 954 4105 ⁷)Liv.,21
990 4036 1079 4105 61,
1121 4053 1216 4107 113
1253 4054 1342 4105 22,
1378 4038 1430 4108 6,
1473 4055 1567 4108 113
1607 4055 1694 4108 22,
1732 4054 1821 4109 52,
1859 4055 1924 4109 33
1963 4055 2048 4108 23,
2089 4054 2175 4109 15,
2212 4055 2276 4109 33
2314 4055 2402 4110 24,
2427 4056 2514 4111 74,
2547 4057 2643 4110 103
2681 4058 2770 4112 31,

419 4140 505 4195 45,
530 4124 596 4194 63
632 4141 722 4194 34,
745 4140 833 4193 29,
865 4141 960 4195 133
999 4141 1088 4196 35,
1126 4142 1214 4197 51,
1250 4128 1315 4196 83
1352 4144 1440 4199 37,
1478 4145 1566 4198 32,
1606 4144 1699 4197 103
1741 4127 1914 4185 Oros.
1929 4146 1980 4200 7,
2018 4145 2107 4199 31,
2149 4129 2265 4197 1123
2304 4126 2560 4200 Appian.
2576 4129 2657 4184 Ib.
2670 4148 2769 4201 313

418 4212 619 4268 Samn.
658 4230 722 4285 73
760 4211 886 4269 Lib.
917 4230 1015 4285 153
1051 4215 1152 4285 633
1194 4233 1326 4285 1013
1364 4215 1529 4272 Cass.
1551 4216 1681 4272 Dio.
1703 4216 1812 4288 frg.
1854 4234 1938 4289 15,
1966 4235 2055 4290 57,
2093 4235 2191 4289 303
2228 4217 2459 4290 Ioseph.
2487 4218 2542 4273 b.
2568 4218 2691 4276 Iud.
2717 4237 2769 4290 2,

421 4320 506 4375 17,
547 4318 642 4373 103
680 4321 732 4375 7,
769 4303 822 4373 6,
859 4321 923 4374 43
961 4303 1168 4376 Polyb.
1193 4304 1303 4376 frg.
1329 4322 1416 4376 22,
1457 4324 1543 4377 12,
1583 4323 1681 4378 153
1718 4306 1870 4363 Plut.
1895 4307 2041 4362 Mar.
2069 4325 2156 4379 23,
2184 4308 2248 4378 63
2286 4307 2431 4362 Zon.
2456 4311 2509 4379 8,
2537 4309 2601 4377 63
2638 4326 2691 4379 9,
2718 4326 2768 4365 2.

634 4391 677 4463 ⁸)
715 4393 841 4449 Liv·
857 4411 944 4464 21,
962 4411 1046 4464 13,
1060 4394 1125 4462 65
1145 4397 1298 4464 22,6,
1316 4412 1409 4464 115
1429 4413 1691 4467 22552535
1712 4414 1800 4468 23,
1825 4414 1908 4468 155
1922 4414 1982 4468 35
2000 4415 2089 4468 32,
2104 4415 2191 4468 24,
2205 4415 2264 4470 75
2284 4400 2371 4468 38,
2390 4415 2443 4469 9,
2461 4415 2515 4467 15
2534 4397 2706 4454 Oros.
2717 4415 2769 4469 5,

421 4484 503 4555 18,
524 4482 621 4553 263
650 4481 907 4558 Appian.
928 4483 1009 4538 Ib.
1029 4500 1131 4555 313
1172 4483 1341 4539 Diod.
1364 4483 1469 4559 frg.
1490 4503 1576 4557 30,
1597 4504 1659 4558 43
1697 4486 1930 4562 Ioseph.
1951 4487 2005 4542 b.
2027 4487 2066 4543 I.
2091 4505 2141 4558 2,
2165 4505 2248 4560 17,
2279 4505 2370 4557 103
2407 4487 2552 4542 Zon.
2572 4488 2624 4558 8,
2644 4491 2696 4544 6.
