3467 5350
1307 573 1749 640 -59--

355 748 676 839 promissi
720 748 928 816 fidem
974 760 1380 839 praestaret.
1481 748 1692 834 Quod
1726 771 1884 819 cum
1918 749 2249 839 expedire
2276 772 2415 818 non
2441 759 2705 838 posset,

357 858 443 923 ab
493 878 731 924 amore
782 856 1219 927 temerarium
1271 867 1478 945 atque
1526 855 1894 946 impudens
1938 855 2290 925 mutuatur
2326 854 2704 924 consilium.

357 961 651 1053 Nuptias
701 962 768 1031 in
832 985 990 1031 eum
1040 962 1264 1054 ipsum
1308 962 1488 1031 diem
1539 953 1766 1052 parari
1816 975 2105 1053 repente
2149 963 2365 1045 iussit,
2417 986 2501 1032 ne
2541 961 2703 1051 quid

356 1071 774 1159 relinqueret
840 1070 1091 1159 integri
1136 1084 1249 1138 aut
1298 1070 1533 1139 Laelio
1582 1082 1700 1138 aut
1764 1069 1891 1160 ipsi
1940 1069 2248 1161 Scipioni
2299 1062 2706 1139 consulendi

357 1177 642 1245 velutin
681 1178 1043 1267 captivam,
1096 1200 1273 1267 quae
1307 1176 1714 1246 Masinissae
1752 1178 1883 1245 iam
1936 1188 2150 1268 nupta
2196 1177 2375 1246 foret
2397 1181 2466 1262 ¹).
2558 1175 2702 1245 Sed

357 1283 694 1353 sententia
725 1283 1072 1375 Scipionis
1115 1284 1282 1354 satis
1327 1284 1539 1373 digna
1587 1297 1711 1366 est,
1766 1308 1944 1374 quae
1980 1297 2583 1363 commemoretur,
2632 1295 2707 1352 ut

359 1404 518 1459 nata
580 1415 666 1460 ex
716 1392 862 1460 iure
911 1392 1087 1461 belli.
1179 1396 1487 1480 Syphax,
1551 1391 1771 1482 inquit
1815 1391 2072 1482 Scipi0‚
2125 1394 2373 1480 populi
2410 1393 2715 1460 Romani

355 1501 671 1587 auspz'cz'zk
715 1501 932 1566 victus
979 1507 1343 1587 captusque
1408 1508 1519 1568 est.
1609 1504 1855 1588 Itaque
1902 1503 2058 1588 ipse,
2109 1525 2193 1566 co
2212 1525 2259 1565 n
2279 1502 2365 1566 iu
2385 1523 2500 1566 nx
2518 1551 2536 1575 ,
2605 1523 2705 1566 re*-

349 1631 591 1693 gnum,
622 1631 804 1694 ager,
854 1609 1113 1695 oppida,
1164 1611 1484 1683 homines,
1538 1610 1662 1695 qui
1681 1611 2005 1683 incolunt,
2058 1610 2394 1696 quidquid
2418 1609 2707 1695 denique

358 1717 679 1802 Syphacis·
678 1717 852 1803 suit,
869 1718 1133 1802 praeda
1145 1718 1393 1804 populi
1409 1719 1715 1782 Romani
1731 1724 1846 1791 est,
1880 1724 1948 1784 et
1968 1740 2190 1804 regem
2225 1717 2707 1803 coniugemque

358 1824 518 1897 eius,
587 1825 855 1897 etiamsi
913 1848 1048 1890 non
1114 1826 1272 1890 civis·
1343 1826 1926 1912 Carthaginiensis·
1985 1831 2169 1899 esset,
2251 1825 2518 1890 etiamsi
2569 1846 2707 1888 non

343 1937 610 2016 patrem
644 1932 789 1997 eius
817 1933 1279 2018 imperatorem
1314 1935 1602 1998 hostium
1628 1934 2027 2008 videremus,
2061 1936 2348 1999 Romam
2381 1937 2711 2019 oporteret

358 2039 538 2103 mitti
558 2062 638 2104 ac
665 2046 946 2106 senatus
979 2042 1352 2128 populique
1380 2043 1687 2107 Romani
1726 2044 1810 2108 de
1856 2065 1933 2106 ea
1980 2042 2304 2107 iudicium
2350 2046 2555 2126 atque
2583 2038 2706 2103 'ar-

358 2146 625 2211 bitrium
686 2170 843 2222 esse,
910 2171 1080 2233 quae
1140 2171 1363 2235 regem
1427 2149 1675 2214 socium
1741 2150 1927 2213 nobis
1988 2150 2318 2214 alienasse
2373 2153 2576 2233 atque
2630 2148 2704 2210 in

357 2275 550 2318 arma
598 2254 806 2340 egis-se
840 2255 1277 2340 praeczpitem
1327 2256 1674 2338 dicaturss).
1768 2252 2193 2335 Athaulfum,
2249 2251 2504 2321 Alarici
2552 2274 2705 2340 pro·

357 2357 711 2446 pinquum,
776 2359 1168 2444 Placidiam,
1220 2360 1603 2429 Theodosii
1651 2359 1979 2451 principis
2027 2361 2253 2442 filiam,
2303 2359 2585 2427 Arcadii
2634 2371 2704 2425 et

356 2464 648 2534 Honorii
675 2466 1170 2556 imperatorum
1200 2491 1538 2551 sororem,
1567 2467 1838 2559 cepisse
1864 2479 2073 2557 atque
2099 2467 2382 2536 duxisse
2408 2488 2700 2535 uxorem

356 2584 624 2642 constat
645 2576 713 2658 ²³).

564 2699 1042 2770 Romanorum
1078 2702 1322 2770 milites
1358 2715 1598 2791 captos
1646 2702 1712 2770 in
1759 2702 2158 2793 ⁴captivitate
2190 2702 2526 2770 barbaras
2563 2722 2700 2769 mu·

351 2805 553 2875 lieres
617 2808 680 2875 in
748 2808 1254 2877 matrimonium
1305 2808 1591 2877 duxisse
1640 2823 1852 2898 atque
1899 2810 2201 2879 hostium
2252 2808 2704 2876 consenuisse

350 2936 755 2983 socerorum
806 2914 872 2983 in
923 2916 1131 2984 armis
1180 2916 1492 3004 queritur
1538 2916 1877 2985 Horatius
1899 2918 1969 3004 ⁴).

565 3041 1032 3110 Revertamur
1062 3040 1126 3109 in
1172 3041 1406 3109 aciem.
1504 3041 1946 3132 Quicumque
1979 3065 2304 3131 pugnans
2338 3041 2403 3109 in
2454 3063 2701 3109 manus

349 3147 828 3217 Romanorum
892 3148 1101 3233 venit,
1183 3149 1244 3217 ei
1292 3171 1502 3232 arma,
1581 3150 1771 3238 quod
1840 3171 2138 3237 aequum
2207 3160 2376 3230 erat,
2454 3148 2700 3215 adime·

352 3255 602 3321 bantur
624 3259 693 3338 ὅ).
816 3256 1056 3324 Armis
1143 3256 1487 3345 ademptis
1567 3256 2045 3324 vinciebantur
2121 3270 2190 3325 et
2263 3255 2555 3325 humiles
2634 3268 2701 3324 et

352 3360 618 3429 nobiles
635 3366 706 3446 ⁶).
822 3362 980 3431 Mos
1060 3375 1228 3446 erat,
1310 3376 1380 3431 ut
1457 3363 1731 3433 lacertis
1807 3363 2139 3433 restrictis
2220 3386 2462 3433 manus
2542 3373 2702 3452 post

570 3613 609 3682 ι)
647 3612 775 3668 Liv.
790 3631 878 3684 30,
902 3631 985 3683 12,
1011 3615 1198 3683 181203
1238 3615 1409 3671 Diod.
1425 3615 1533 3688 frg.
1548 3634 1688 3688 27,7
1702 3634 1718 3684 ς
1758 3616 1968 3686 Zon.9,
1992 3634 2153 3688 13.-—
2177 3616 2219 3686 ²)
2258 3616 2385 3673 Liv.
2399 3634 2486 3687 30,
2510 3634 2592 3686 14,
2617 3633 2700 3671 10.

567 3701 609 3773 ⁸)
649 3704 820 3760 Oros.
842 3722 891 3776 7,
929 3722 1016 3774 40,
1055 3723 1090 3760 2
1102 3723 1117 3774 3
1157 3723 1207 3776 7,
1245 3722 1332 3777 43,
1371 3724 1406 3761 2
1418 3724 1434 3775 ;
1474 3705 1694 3778 Hydat.
1713 3707 1911 3762 chron.
1926 3705 2081 3763 Hon.
2119 3724 2218 3776 203
2256 3705 2496 3762 Philost.
2527 3724 2610 3776 12,
2649 3725 2699 3777 4.

565 3792 610 3863 ⁴)
651 3811 830 3848 carm·
868 3812 920 3864 3,
958 3809 1011 3865 5,
1047 3795 1155 3865 5l9·
2507 3864 2513 3870 .

568 3881 610 3952 ³)
649 3882 854 3956 Polyb.
877 3883 983 3955 frg.
1003 3884 1056 3952 8,
1082 3901 1168 3954 33,
1199 3901 1257 3953 13
1296 3902 1383 3954 34,
1421 3886 1474 3955 8,
1513 3902 1610 3957 313
1649 3888 1736 3955 36,
1774 3903 1826 3955 4,
1864 3902 1899 3956 5
1913 3903 1928 3954 3
1968 3885 2105 3940 Sall.
2127 3884 2246 3956 Iug.
2266 3886 2354 3954 62,
2393 3900 2427 3956 5
2440 3902 2456 3954 3
2493 3884 2621 3940 Liv.
2646 3902 2698 3955 9,

351 3973 435 4039 16,
472 3972 628 4042 9!103
665 3989 754 4041 22,
788 3989 876 4043 25,
913 3990 974 4043 93
1032 3971 1289 4045 Appian.
1329 3975 1383 4029 b.
1424 3992 1471 4029 c.
1514 3992 1560 4044 1,
1598 3993 1670 4046 94
1683 3993 1698 4043 3
1754 3973 1947 4032 Hann.
1985 3991 2086 4045 573
2138 3974 2218 4028 Ib.
2255 3991 2355 4044 393
2408 3974 2560 4046 Illyr.
2598 3991 2699 4043 215

347 4060 475 4115 Lib.
512 4063 613 4130 803
652 4061 786 4134 Syr.
823 4080 896 4132 42
908 4079 924 4132 ;
965 4061 1134 4118 Diod.
1175 4062 1283 4134 frg.
1333 4081 1421 4134 33,
1462 4067 1557 4132 163
1595 4063 1766 4122 Dion.
1805 4063 1937 4118 Hal.
1977 4081 2028 4132 2,
2065 4081 2164 4133 343
2202 4082 2254 4134 3,
2291 4081 2386 4134 403
2425 4081 2476 4134 3,
2513 4081 2609 4134 49;
2646 4080 2698 4134 3,

348 4166 448 4221 505
484 4153 536 4219 6,
574 4168 673 4221 915
712 4150 943 4224 Ioseph.
984 4154 1038 4207 b.
1079 4152 1119 4209 I.
1158 4170 1209 4223 2,
1252 4171 1337 4225 17,
1380 4170 1474 4222 103
1511 4156 1563 4222 6,
1601 4154 1653 4223 6,
1691 4171 1751 4221 25
1812 4153 1984 4208 Oros·
2021 4171 2073 4225 5,
2115 4154 2199 4222 18,
2237 4156 2334 4222 16;
2385 4154 2533 4209 Plut.
2573 4152 2702 4208 Cat.

351 4239 490 4294 min.
528 4241 614 4310 58,
653 4258 713 4309 23
753 4241 916 4296 Cass.
956 4240 1086 4296 Dio.
1126 4241 1235 4314 frg.
1273 4246 1360 4311 26,
1397 4244 1485 4313 89,
1528 4260 1587 4313 13
1624 4244 1711 4312 60,
1750 4261 1838 4313 21,
1876 4259 1910 4315 5
1923 4260 1939 4312 3
1976 4246 2064 4309 68,
2105 4261 2199 4312 11;
2239 4262 2325 4315 72,
2364 4261 2426 4313 23
2464 4243 2608 4300 Zon.
2644 4246 2698 4313 8,

352 4346 448 4400 17;
485 4332 538 4398 8,
580 4330 671 4400 18,
708 4348 760 4401 9,
798 4331 861 4399 6;
899 4349 951 4401 9,
993 4348 1091 4402 173
1128 4350 1180 4402 9.
1219 4333 1317 4399 26;
1354 4350 1406 4402 9,
1443 4350 1538 4404 31;
1577 4332 1796 4388 zosim.
1834 4351 1887 4403 4,
1924 4351 2011 4405 20,
2047 4333 2099 4388 6·

566 4417 609 4490 ⁸)
648 4419 854 4493 POlyb·
893 4437 945 4493 3)
983 4420 1071 4492 62)
1110 4438 1174 4492 43
1223 4439 1276 4491 3)
1313 4424 1402 4491 82)
1438 4424 1502 4493 83
1560 4421 1668 4493 frg·
1707 4440 1795 4492 20,
1838 4440 1921 4492 ῙΟ)
1959 4440 2021 4496 73
2071 4440 2158 4492 20,
2199 4440 2282 4493 10,
2319 4425 2383 4492 83
2419 4440 2508 4496 33»
2543 4425 2597 4493 8)
2634 4439 2698 4493 3)
