3467 5350
1739 511 2186 597 -56-

785 707 1026 777 Livius
1074 719 1142 776 et
1186 707 1406 775 verba
1452 704 1697 773 fetialis
1746 704 2087 773 servavit:
2139 707 2261 771 ubi
2298 707 2370 771 in
2420 713 2680 772 coetum
2718 708 3121 772 Samnitium

786 825 854 883 et
893 819 990 882 ad
1030 816 1338 881 tribunal
1375 821 1653 879 ventum
1677 815 1918 879 Pontii
1955 820 2071 888 est,
2118 818 2211 880 A.
2245 815 2599 879 Cornelius
2628 814 2907 880 Arvina
2926 815 3123 901 fetia-

787 927 870 991 liis
901 926 996 990 ita
1032 923 1231 989 verba
1252 923 1473 1009 fecit:
1523 922 1926 1008 quandoque
1971 921 2208 1008 hisque
2253 922 2554 986 homines
2599 921 2866 986 iniussu
2902 922 3132 1008 populi

786 1032 1091 1098 Romani
1139 1029 1510 1115 Quiritium
1545 1029 1804 1116 foedus
1865 1030 2071 1094 ictum
2137 1030 2232 1094 iri
2267 1030 2777 1115 spoponderunt
2816 1035 3019 1114 atque
3060 1029 3128 1092 ob

789 1163 933 1205 eam
968 1161 1109 1204 rem
1142 1159 1391 1203 noxam
1423 1142 1825 1210 nocuerunt,
1874 1136 1949 1201 ob
1997 1159 2141 1201 eam
2191 1159 2353 1210 rem,
2406 1159 2532 1222 quo
2565 1138 2863 1222 populus
2893 1138 3129 1201 Roma-

788 1270 921 1312 nus
949 1248 1194 1312 scelere
1224 1245 1407 1330 inpio
1435 1245 1528 1309 sit
1551 1245 1834 1317 solutuS,
1884 1244 2075 1308 hosce
2105 1244 2405 1308 homines
2434 1244 2611 1308 vobis
2644 1244 2809 1309 dedo
2828 1244 2898 1329 ¹).
2991 1240 3128 1311 Sed

787 1353 966 1421 hanc
999 1350 1417 1419 deditionem
1453 1348 1744 1417 Pontius
1776 1371 1917 1416 non
1953 1348 2218 1437 accepit
2263 1371 2495 1438 neque
2522 1347 2871 1419 Samnites
2918 1360 3129 1416 ratam

787 1459 1247 1545 habuerunt2)
1295 1454 1573 1525 minime
1621 1456 1924 1524 contenti
1972 1455 2322 1525 deditione
2367 1478 2791 1547 paucorum:
2878 1455 3133 1544 ἀπῄτουν

788 1568 935 1643 τοὺς
982 1570 1250 1642 ἁλόντας
1300 1616 1314 1631 .
1352 1616 1366 1631 .
1405 1616 1418 1630 .
1467 1567 1562 1631 καὶ
1609 1569 1953 1653 ἀπέπεμψαν
2000 1566 2149 1642 τοὺς
2197 1568 2573 1644 ἐκδοθέντας,
2624 1565 2728 1631 εἴτ’
2756 1567 2856 1631 οὖν
2903 1569 2989 1631 ὅτι
3036 1567 3137 1630 οὐκ

786 1674 1050 1764 ἠξίωσάν
1086 1698 1248 1762 σφας
1281 1672 1463 1759 μηδὲν
1494 1673 1858 1760 ἠδικηκότας
1888 1675 2188 1751 ἀπολέσαι,
2236 1676 2277 1760 ἢ
2326 1676 2413 1738 ὅτι
2457 1675 2545 1760 τῷ
2590 1675 2760 1761 δήμῳ
2809 1673 2919 1760 τὴν
2951 1675 3135 1761 ἐπιορ-

787 1786 915 1847 κίαν
978 1785 1268 1871 προσάψαι
1326 1782 1636 1868 ἠθέλησαν
1694 1781 1789 1844 καὶ
1852 1781 1933 1867 μὴ
1981 1779 2049 1845 δι’
2101 1782 2315 1866 ὀλίγων
2364 1782 2587 1870 ἀνδρῶν
2633 1782 2947 1856 κολάσεως
2993 1780 3138 1856 τοὺς

791 1892 1024 1964 ἄλλους
1072 1891 1357 1954 ἀπολῦσαι
1376 1890 1448 1975 ³).

1005 1995 1266 2064 Eadem
1320 1994 1585 2062 ratione
1632 2007 1920 2063 senatus
1969 1995 2218 2064 foedus
2265 2018 2306 2063 a
2355 1995 2434 2065 C.
2473 1994 2867 2064 Hostilio
2912 1994 3139 2063 Man-

791 2102 863 2171 ci
886 2125 989 2170 no
1037 2125 1194 2170 curn
1219 2101 1654 2171 Numantinis
1687 2102 1940 2170 factum
1977 2124 2133 2171 cum
2168 2102 2543 2191 ignominia
2589 2103 2803 2171 dediti
2849 2101 3141 2192 impera-

792 2210 962 2279 toris
997 2208 1278 2278 rescidit
1295 2214 1345 2288 ⁴)
1379 2220 1590 2299 atque
1623 2208 1689 2277 in
1739 2208 1875 2291 illo,
1926 2231 2132 2299 quem
2183 2208 2536 2278 auctorem
2586 2209 2890 2279 foederis
2939 2211 3140 2279 habe-

794 2320 977 2399 bant,
1002 2315 1314 2386 iniuriam
1338 2315 1544 2385 soluti
1567 2316 1870 2385 foederis
1893 2316 2422 2385 vindicaverunt
2437 2323 2508 2397 ⁵).
2575 2315 2723 2386 Nec
2745 2317 3141 2387 Numantini

796 2423 1214 2493 deditionem
1276 2422 1474 2491 ducis
1537 2435 1958 2512 acceperunt
1979 2427 2048 2508 ⁶).
2164 2424 2403 2512 Itaque
2463 2424 2826 2494 Mancinus
2888 2429 3147 2492 nudato

794 2542 1060 2619 corpore
1124 2533 1566 2617 manibusque
1614 2539 1774 2617 post
1831 2539 2097 2618 tergum
2158 2534 2473 2598 revinctis·
2516 2540 2677 2598 ante
2708 2539 2943 2619 portas
2988 2536 3147 2598 Nu-

795 2641 1256 2707 mantinorum
1324 2640 1663 2726 expositus
1721 2640 1943 2726 ibique
2000 2663 2215 2726 usque
2275 2642 2347 2707 in
2411 2647 2664 2706 noctem
2728 2664 3030 2713 manens,
3105 2665 3149 2707 a

791 2752 936 2815 suis
998 2750 1319 2821 desertuS,
1380 2749 1463 2811 ab
1523 2748 1816 2813 hostibus
1875 2754 2100 2813 autem
2167 2771 2302 2813 non
2347 2755 2694 2834 susceptus
2740 2749 3149 2814 lacrimabile

794 2859 1101 2943 utrisque
1166 2857 1619 2942 spectaculum
1670 2857 2074 2942 praebuit‘7).
2186 2855 2331 2926 Sed
2401 2854 2702 2925 Orosius
2769 2847 3145 2943 quaesivit}

794 2966 1217 3030 Alancz'nusn
1225 2987 1278 3038 e,
1314 2987 1487 3050 rogo,
1517 2964 1730 3029 deden
1738 2964 1866 3029 dus
1872 2965 2047 3049 fuit,
2078 2965 2201 3050 qui
2216 2966 2381 3030 victi
2405 2965 2741 3030 exercitus
2771 2965 3147 3050 inpenden-

796 3080 927 3139 tem
991 3073 1505 3139 trucidationem
1541 3078 1898 3157 praetento
1958 3073 2243 3138 umbone
2276 3073 2473 3158 pacti
2485 3073 2790 3160 foederis
2849 3073 3147 3159 dispulit,

798 3182 923 3268 qui
932 3182 1396 3267 periclitantes
1415 3180 1684 3266 patriae
1720 3180 1897 3245 vires
1942 3180 2015 3244 in
2066 3181 2340 3246 meliora
2384 3186 2680 3267 tempora
2727 3181 3151 3246 reservavit?

795 3294 936 3361 aut,
958 3290 1026 3352 si
1042 3287 1666 3374 dirplicuitfoea'uS,
1702 3287 1889 3373 quod
1900 3294 2181 3373 pactum
2209 3295 2323 3363 est,
2353 3311 2478 3353 cur
2499 3289 2690 3353 miles
2719 3289 2839 3352 hoc
2860 3289 3153 3374 pignore

797 3397 1182 3481 redemptus
1222 3400 1363 3468 aut,
1428 3417 1578 3458 cum
1627 3400 2097 3469 reverteretur,
2163 3401 2469 3481 receptus
2515 3401 2615 3460 est
2655 3401 2794 3468 aut,
2847 3418 2997 3460 cum
3046 3418 3148 3460 re-

786 3508 1156 3589 peteretur,
1229 3501 1534 3566 redditus
1598 3524 1736 3566 non
1799 3504 1945 3566 est?
2008 3508 2149 3575 aut,
2211 3503 2280 3567 si
2305 3504 2574 3588 placuit
2624 3503 2881 3567 servati
2919 3504 3153 3567 militis·

799 3610 1305 3696 qualiscumque
1345 3608 1657 3693 provisio,
1710 3632 1834 3674 cur
1878 3610 2272 3683 Mancinu53
2324 3610 2448 3695 qui
2485 3610 2605 3674 hoc
2639 3610 2919 3695 pepigit,
2965 3611 3152 3675 solus

800 3716 1066 3781 deditus
1085 3716 1245 3803 fuz't
1256 3716 1308 3801 Β)
1330 3717 1369 3779 ,9

1014 3820 1094 3890 C.
1124 3820 1402 3890 Iulius
1474 3820 1824 3905 Caesar,
1903 3823 2068 3890 dum
2144 3821 2438 3891 Galliam
2516 3823 2648 3890 sub
2727 3832 3143 3913 potestatem

1020 4020 1060 4090 ¹)
1100 4019 1226 4075 Liv.
1264 4038 1316 4091 9,
1358 4038 1441 4090 10,
1490 4039 1542 4091 9.
1613 4052 1669 4061 —
1744 4019 1787 4090 ²)
1825 4019 1952 4075 Liv.
1990 4038 2041 4090 9,
2103 4038 2185 4089 11,
2245 4038 2292 4075 1.
2362 4053 2418 4061 —
2493 4020 2535 4090 ³)
2576 4020 2738 4076 Cass·
2778 4019 2908 4075 Dio.
2948 4020 3055 4091 frg.
3092 4022 3147 4089 8,

797 4112 886 4181 36,
929 4112 1114 4182 191205
1154 4110 1297 4165 Zon.
1338 4128 1388 4182 7,
1425 4113 1512 4166 26.
1559 4143 1615 4150 —
1659 4109 1704 4179 ⁴)
1746 4110 1895 4165 Vell.
1934 4110 2163 4165 Patere.
2201 4128 2253 4180 2,
2291 4127 2379 4180 90,
2416 4128 2467 4182 3.

1015 4202 1061 4270 ⁸)
1102 4199 1217 4256 Cic.
1258 4200 1353 4255 off.
1390 4217 1443 4271 3,
1486 4217 1615 4270 1093
1653 4198 1782 4254 Liv.
1813 4217 1937 4271 per.
1976 4200 2048 4271 56
2060 4216 2075 4268 ;
2114 4199 2355 4271 Eutrop.
2393 4219 2443 4272 4,
2486 4217 2569 4271 17,
2612 4217 2671 4269 13
2711 4200 2785 4255 de
2822 4199 2928 4254 vir.
2956 4198 3031 4254 ill.
3058 4216 3144 4269 49,

797 4308 832 4362 5
846 4307 862 4358 ;
900 4291 1049 4346 Plut.
1071 4289 1201 4344 Tib.
1223 4288 1434 4345 Grach.
1456 4308 1505 4360 7,
1527 4308 1588 4359 23
1630 4289 1795 4345 Cass,
1816 4288 1946 4344 Dio.
1966 4289 2075 4360 frg.
2096 4305 2183 4359 23,
2222 4306 2307 4361 79,
2349 4307 2444 4344 1—-
2451 4307 2505 4361 3.
2532 4322 2588 4330 -
2615 4287 2660 4359 ⁸)
2683 4287 2937 4360 Appian.
2960 4288 3038 4343 Ib.
3055 4290 3144 4359 83.

1018 4379 1059 4449 ⁷)
1101 4379 1272 4434 Oros.
1310 4396 1360 4451 5,
1398 4398 1450 4450 4,
1488 4397 1575 4436 21.
1621 4409 1676 4418 -
1723 4377 1768 4448 ⁸)
1807 4378 1979 4434 Oros.
2016 4395 2068 4451 5,
2106 4395 2158 4451 5,
2195 4395 2247 4451 5.
