3467 5350
1903 1570 1992 1651 II.

983 1837 1442 1926 Descripturo
1477 1836 1658 1921 mihi,
1700 1859 2041 1928 quaenam
2093 1837 2298 1907 fuerit
2346 1837 2662 1908 condicio
2689 1837 3119 1929 captivorum

769 1946 1249 2014 Romanorum
1314 1944 1379 2013 in
1446 1955 1793 2034 potestate
1834 1945 2135 2013 hostium
2186 1946 2368 2014 bello
2418 1945 2755 2029 confecto,
2826 1943 3121 2035 praefari

748 2048 923 2121 'licet
986 2064 1244 2122 certam
1307 2053 1643 2141 regulam,
1709 2052 1796 2120 ad
1848 2074 2054 2141 quam
2106 2052 2418 2121 condicio
2469 2053 2772 2121 omnium
2824 2051 3122 2143 captivo·

770 2182 924 2227 rum
959 2159 1316 2248 dirigatur,
1350 2158 1636 2228 inveniri
1670 2182 1809 2227 non
1844 2181 2077 2250 posse.
2159 2160 2322 2247 Quo
2356 2161 2449 2244 fit,
2486 2173 2561 2229 ut
2594 2179 3114 2249 nonnumquam

769 2290 808 2335 a
856 2266 1143 2336 saevitia
1174 2267 1457 2337 victoris
1507 2269 2034 2352 abhorreamuS,
2084 2268 2269 2336 haud
2319 2291 2480 2337 raro
2530 2268 2957 2337 clementiam
3006 2266 3117 2334 ad·

767 2374 1113 2444 miremur.
1207 2374 1354 2445 Sed
1388 2375 1748 2444 clementia
1783 2397 2065 2465 quoque
2104 2374 2383 2466 saepius
2432 2388 2538 2444 est
2583 2387 2742 2444 nata
2789 2397 2928 2442 non
2978 2386 3115 2442 tam

766 2505 854 2551 ex
886 2482 1325 2551 humanitatis
1369 2482 1482 2551 vel
1513 2482 2050 2567 misericordiae,
2101 2505 2308 2572 quam
2343 2482 2692 2550 commodi
2738 2494 2805 2550 et
2852 2480 3117 2571 gloriae

765 2590 1052 2659 ratione.
1146 2590 1596 2674 Mithridates,
1658 2590 2109 2658 saevissimus
2155 2589 2265 2658 ille
2315 2612 2462 2671 reX,
2511 2613 2756 2659 omnes
2807 2589 3118 2681 captivos

766 2697 1069 2786 benigne
1117 2710 1448 2767 tractatos
1501 2699 1850 2787 quondam
1903 2699 2185 2766 domum
2237 2698 2490 2766 dimisit
2537 2722 2691 2767 cum
2725 2698 2996 2781 viatic0,
3044 2707 3120 2764 ut

771 2805 955 2895 apud
1022 2806 1261 2874 hostes
1324 2816 1603 2895 pararet
1664 2805 1794 2874 sibi
1843 2805 2233 2895 opinionem
2284 2806 2776 2890 clementiae1).
2873 2804 3120 2873 Valent

768 2911 947 2980 enim
1000 2911 1387 2980 etiamnunc
1435 2912 1544 2980 illa
1592 2913 1810 2981 verba
1860 2910 2083 2980 Pontii
2130 2913 2372 3003 patris:
2423 2916 2483 2979 ἓν
2530 2917 2703 2993 ἔστιν,
2753 2915 2802 2979 ὦ
2848 2923 2969 2992 παῖ,
3018 2936 3121 2998 με·

764 3023 964 3107 γάλης
1011 3024 1240 3113 ἔχθρας
1295 3029 1621 3112 φάρμακον,
1687 3023 2027 3111 εὐεργεσίας
2072 3025 2112 3110 ἢ
2159 3026 2472 3098 κολάσεως
2519 3023 2840 3111 ὑπερβολή.
2902 3025 2960 3086 αἱ
3006 3022 3112 3107 μὲν

762 3130 862 3193 οὖν
894 3132 1174 3205 κολάσεις
1205 3132 1734 3217 καταπλήσσουσιν,
1786 3131 1844 3194 αἱ
1873 3129 1935 3194 δὲ
1968 3132 2283 3220 εὐεργεσίαι
2315 3133 2788 3219 προσάγονταιῗ).
2875 3129 3109 3198 Semel

762 3237 1154 3325 accepimus
1178 3239 1226 3321 a)
1277 3236 1564 3305 Latinos
1625 3236 1997 3304 liberaliter
2058 3259 2214 3306 esse
2277 3237 2551 3306 habitos
2616 3239 2980 3326 cultosque
3042 3238 3106 3305 in

762 3344 1144 3413 calamitate
1206 3366 1352 3412 sua.
1448 3344 1547 3412 At
1592 3342 1943 3413 Samnites
2009 3344 2074 3413 in
2124 3345 2553 3435 captivorum
2605 3368 2903 3435 corpora
2951 3344 3108 3413 mili-

760 3462 902 3520 turn
955 3452 1158 3521 foede
1203 3453 1517 3521 saevisse
1563 3452 1978 3542 dicuntur4).
2074 3453 2293 3522 Etiam
2344 3453 2835 3522 Praenestinos
2881 3453 3111 3521 ferunt

759 3559 963 3627 foede
1046 3559 1112 3626 in
1193 3559 1409 3650 captis
1489 3560 1888 3630 exercuisse
1963 3561 2321 3629 victoriam
2342 3564 2416 3646 ⁶).
2527 3561 2825 3629 Perraro
2901 3560 3109 3629 Italici

759 3665 935 3734 inter
1011 3689 1089 3734 se
1173 3665 1576 3736 dimicantes
1656 3690 2008 3736 memores
2088 3680 2284 3736 erant
2363 3666 2797 3758 cognationis
2818 3671 2890 3752 6).
3013 3668 3111 3737 At

757 3771 843 3841 T.
915 3773 1191 3842 Lartius
1268 3774 1690 3845 Sabinorum
1771 3775 2089 3866 captivos
2167 3799 2256 3845 ex
2330 3776 2734 3845 vulneribus
2813 3775 3109 3845 refectos

759 3891 828 3947 et
914 3879 1162 3949 ceteris
1249 3881 1690 3952 humanitatis
1786 3882 2027 3951 officiis
2113 3883 2243 3952 sibi
2318 3883 2683 3953 devinctos
2760 3883 3021 3952 remisit
3039 3887 3106 3969 7).

759 3985 1052 4055 Summa
1101 3988 1462 4058 clementia
1509 4012 1668 4058 esse
1718 4012 1918 4059 usum
1970 3989 2048 4059 C.
2086 3990 2325 4059 Iulium
2375 3989 2754 4060 Caesarem
2804 3989 2869 4058 in
2920 3990 3109 4058 cives

977 4238 1015 4302 ¹)
1056 4238 1313 4311 Appian.
1353 4239 1546 4296 Mithr.
1589 4259 1671 4312 19.
1739 4275 1794 4282 —
1860 4240 1902 4311 ²)
1941 4240 2197 4314 Appian.
2237 4242 2438 4298 Samn.
2475 4261 2527 4313 4,
2564 4261 2616 4314 3.
2681 4276 2737 4284 —-
2811 4242 2852 4315 ⁸)
2890 4244 3017 4300 Liv.
3056 4261 3107 4313 2,

757 4344 843 4397 22,
883 4344 932 4399 7.
967 4358 1020 4365 —
1055 4327 1100 4397 ⁴)
1138 4328 1267 4383 Liv.
1293 4346 1346 4400 9,
1385 4347 1472 4400 43,
1514 4347 1559 4384 1.
1589 4363 1643 4370 —
1682 4330 1726 4400 ⁶)
1766 4331 1891 4386 Liv.
1917 4332 1970 4400 6,
2008 4348 2095 4400 22,
2135 4349 2184 4401 4.
2214 4366 2269 4373 —
2296 4331 2339 4401 ⁶)
2381 4330 2448 4388 cf.
2477 4332 2647 4388 Diod.
2677 4332 2784 4404 frg.
2810 4333 2898 4403 26,
2928 4351 3010 4406 17.
3048 4365 3099 4374 —-

761 4417 801 4491 ⁷)
842 4417 1010 4474 Dion.
1049 4417 1181 4473 Hal.
1219 4435 1270 4489 5,
1310 4420 1394 4491 76.
