3467 5350
1389 546 1833 634 -35-

440 765 619 831 quae
678 742 863 810 haud
928 741 1078 810 sine
1139 738 1535 831 suspicione
1596 739 1879 809 armatis
1925 763 2004 808 se
2051 738 2489 822 immisceret,
2553 739 2784 808 necari

438 849 741 918 iussisse.

649 956 795 1027 Sed
860 955 1061 1025 etiarn
1126 955 1337 1023 multa
1400 954 1569 1024 satis
1629 955 1948 1023 sabulosa
2008 954 2396 1025 traduntur.
2507 953 2785 1022 Minime

439 1064 614 1133 enim
681 1062 1048 1132 verisimile
1111 1076 1237 1144 est,
1303 1061 1763 1131 Hannibalem
1815 1062 1882 1131 in
1929 1060 2209 1130 flumine
2255 1061 2587 1151 Vergello
2636 1083 2781 1130 cor·

436 1172 725 1262 poribus
759 1170 1095 1238 Romanis
1126 1182 1340 1261 ponte
1372 1170 1554 1238 facto
1589 1170 1968 1238 exercitum
2019 1169 2410 1238 traduxisse
2431 1172 2501 1256 ¹).
2593 1168 2782 1238 Idem

435 1278 698 1347 facinus
779 1277 1025 1345 dicitur
1111 1276 1544 1345 commisisse
1621 1276 2103 1367 Sapores,
2176 1276 2551 1346 Persarum
2636 1298 2783 1344 reX.

438 1385 613 1455 Cum
677 1386 742 1481 in
808 1385 1038 1453 reditu
1085 1384 1150 1453 in
1201 1383 1615 1475 profundam
1664 1384 1912 1452 vallem
1961 1383 2330 1467 incidisset,
2399 1405 2526 1473 per
2576 1405 2783 1473 quam

434 1492 754 1561 iumentis
786 1492 1115 1561 transitus
1151 1514 1290 1559 non
1325 1492 1623 1581 patebat,
1671 1490 1990 1580 captivos
2024 1490 2309 1558 interfici
2344 1503 2413 1559 et
2444 1491 2508 1559 in
2537 1490 2781 1559 vallem

435 1599 608 1669 abici
670 1623 826 1668 eum
889 1598 1217 1668 iussisset
1270 1598 1501 1688 itaque
1552 1598 1985 1688 complanata
2033 1598 2212 1666 valle
2259 1619 2386 1686 per
2432 1598 2781 1666 cadavera

432 1707 735 1775 iumenta
782 1705 1178 1774 traduxisse
1227 1705 1530 1789 fertur2).

646 1814 781 1882 Per
850 1835 1162 1881 errorem
1225 1811 1860 1902 indiligentiamque
1922 1812 2264 1881 interdum
2331 1813 2785 1881 sumebantur

430 1921 793 2013 supplicia:
883 1924 1055 1988 Cum
1128 1929 1410 1988 senatus
1489 1923 1988 2008 Campanorum
2061 1923 2396 2009 delzgratus
2464 1905 2635 1987 esset
2697 1923 2796 1986 ad

422 2032 634 2117 paloS,
684 2037 767 2095 ut
804 2031 1035 2095 securi
1045 2031 1407 2117 feriretur,
1456 2030 1714 2095 litteras
1759 2052 1802 2093 a
1844 2035 2089 2094 senatu
2136 2013 2373 2094 missas
2412 2031 2487 2113 Q.
2503 2029 2792 2094 Fulvius

443 2140 694 2211 consul,
761 2138 1000 2223 quibus
1044 2137 1398 2202 iubebatur
1428 2145 1731 2223 parcere,
1789 2143 2152 2223 antequam
2201 2138 2466 2223 legeret,
2516 2137 2589 2201 in
2632 2137 2794 2201 sinu

423 2246 656 2332 posuit
713 2251 782 2310 et
840 2246 985 2331 lege
1031 2245 1156 2330 agi
1194 2245 1392 2309 iussit
1436 2250 1504 2309 et
1542 2245 1947 2330 supplicium
1983 2245 2337 2330 peregiffl).
2431 2240 2591 2309 Huc
2639 2264 2786 2331 per·

435 2351 599 2419 tinet
671 2373 863 2419 mors
934 2349 1219 2420 Sexti
1288 2349 1696 2439 Pompei.
1807 2350 2156 2418 Antonius
2222 2349 2445 2439 primo
2515 2370 2789 2418 summa

433 2458 757 2527 incensus
823 2458 922 2525 ira
985 2456 1356 2538 mandavit,
1423 2468 1498 2524 ut
1545 2456 1918 2546 Pompeius
1980 2455 2502 2539 interficeretur,
2574 2456 2783 2545 paulo

433 2578 593 2656 post
625 2563 1041 2655 paenitentia
1073 2576 1316 2653 captus
1351 2564 1574 2631 salute
1618 2586 1777 2632 eum
1830 2563 2073 2632 donari
2121 2562 2335 2632 iussit.
2430 2563 2575 2633 Sed
2627 2586 2784 2632 curn

433 2673 733 2763 priorem
812 2671 1239 2742 tabellarium
1319 2670 1668 2762 posterior
1749 2670 2245 2761 praevenisset,
2326 2670 2486 2740 Tito
2558 2670 2783 2740 serius

435 2803 558 2849 eae
623 2781 887 2849 litterae
934 2792 1095 2848 sunt
1144 2779 1473 2861 redditae,
1547 2779 1800 2869 quibus
1851 2801 2102 2847 necare
2150 2778 2554 2870 Pompeium
2604 2779 2786 2847 iube·

434 2889 654 2958 batur.
751 2887 900 2957 Has
932 2887 1190 2957 litteras
1218 2888 1332 2956 vel
1365 2887 1658 2976 scriptas
1690 2886 1975 2955 omnino
2009 2885 2359 2975 posterius
2392 2908 2552 2954 esse
2591 2897 2784 2953 ratus

433 2996 546 3064 vel
580 2994 861 3084 cognita
894 2994 1176 3083 quidem
1209 2994 1309 3063 rei
1341 2993 1634 3062 veritate
1680 2993 1891 3061 fidem
1931 3005 2161 3061 tamen
2210 2994 2470 3061 habere
2516 2992 2781 3076 nolenS,

434 3102 748 3171 ordinem
798 3101 1195 3185 litterarum,
1260 3113 1335 3169 ut
1396 3099 1527 3169 sibi
1573 3099 1888 3168 redditae
1936 3111 2153 3182 erant,
2224 3098 2632 3167 sententiam
2681 3122 2782 3168 se·

433 3223 633 3278 cutus
683 3232 823 3277 non
872 3221 979 3277 est
999 3210 1065 3296 4).

647 3315 977 3385 Ceterum
1049 3317 1185 3385 hoc
1253 3337 1463 3383 unum
1530 3315 1715 3383 valet
1774 3314 2135 3383 Romanos
2201 3335 2481 3403 semper
2538 3312 2788 3382 fecisse

434 3422 804 3491 discrimen
863 3445 1015 3490 cum
1082 3445 1213 3513 pro
1276 3421 1520 3490 ordine
1569 3420 1909 3512 cuiusque
1956 3433 2025 3489 et
2072 3419 2479 3489 auctoritate
2499 3424 2569 3505 ⁶),
2639 3432 2782 3488 tum

432 3552 561 3619 pro
594 3529 878 3598 sceleris
911 3528 1403 3618 magnitudine.
1497 3528 1729 3596 Pirata
1755 3528 1867 3596 vel
1899 3529 2164 3618 praedo
2198 3539 2462 3616 captus,
2511 3549 2782 3612 servus

432 3636 789 3725 fugitivuS,
862 3636 1156 3726 perfuga
1204 3635 1483 3726 recepti,
1531 3636 1929 3727 speculator
1976 3636 2544 3726 compreh,ensuS‚
2595 3636 2784 3725 digni

433 3755 647 3825 erant,
677 3743 792 3833 qui
827 3743 914 3811 ad
941 3742 1259 3833 supplicii
1284 3766 1511 3832 genus
1544 3744 1966 3811 ducerentur
2013 3742 2542 3830 ignominiosius
2576 3765 2784 3832 quarn

431 3863 793 3920 senatores
840 3852 955 3920 vel
1002 3850 1349 3941 principes
1395 3850 1508 3919 vel
1558 3872 1767 3939 reges
1786 3851 1853 3939 6).
1949 3848 2107 3918 Iure
2154 3872 2235 3918 ac
2283 3850 2527 3918 merito
2575 3850 2788 3920 indul·

648 4049 688 4119 ¹)
729 4047 798 4103 cf.
813 4048 1011 4104 Valer.
1032 4047 1188 4102 Max.
1209 4065 1262 4119 9,
1282 4065 1318 4103 2
1339 4055 1455 4102 ext.
1477 4065 1513 4102 2
1521 4065 1537 4117 ;
1577 4047 1835 4119 Appian.
1856 4046 2050 4102 Hann.
2072 4050 2157 4104 28.
2180 4079 2234 4088 -
2266 4046 2308 4117 ’)
2330 4047 2474 4102 Zon.
2500 4065 2583 4118 12,
2603 4065 2690 4119 23.
2721 4078 2776 4088 —-

433 4137 475 4209 ⁸)
512 4137 642 4194 Liv.
663 4139 751 4208 26,
794 4139 1030 4209 15—16;
1067 4137 1197 4193 Liv.
1220 4155 1345 4210 per.
1366 4139 1454 4192 26.
1484 4170 1539 4177 -
1573 4135 1617 4207 ⁴)
1657 4135 1823 4192 Cass
1846 4136 1976 4191 Dio.
1997 4154 2085 4208 49,
2109 4138 2192 4206 18,
2212 4154 2248 4191 2
2258 4154 2274 4206 ;
2314 4137 2457 4193 Zon.
2483 4154 2566 4206 10,
2604 4154 2692 4209 25.
2718 4170 2777 4179 —

432 4227 476 4298 ⁸)
504 4227 633 4283 Liv.
653 4246 707 4299 3,
739 4229 823 4298 18,
856 4245 938 4283 10.
966 4260 1024 4268 —
1052 4226 1096 4297 ⁸)
1126 4227 1275 4282 Plut.
1297 4227 1505 4299 Pomp.
1526 4243 1614 4297 29,
1639 4243 1701 4295 1;
1741 4225 1907 4282 Cass.
1927 4225 2059 4281 Dio.
2081 4225 2189 4298 frg.
2210 4227 2298 4296 26,
2316 4227 2405 4297 89,
2430 4242 2488 4295 1;
2528 4225 2786 4298 Appian.

427 4317 552 4373 Lib.
583 4335 683 4389 39:
742 4314 863 4378 ἔθος
926 4316 1044 4377 τοὺς
1098 4315 1431 4377 κατασκόπους
1482 4314 1685 4369 κτείνειν
1696 4333 1712 4385 3
1795 4315 1913 4371 Cic.
1952 4315 2012 4370 in
2048 4316 2219 4370 Verr.
2259 4332 2311 4386 5,
2348 4316 2451 4372 68:
2506 4315 2786 4370 custodiri

429 4408 640 4464 ducem
677 4409 1046 4480 praedonum
1084 4423 1241 4463 novo
1280 4422 1475 4475 more;
1517 4405 1665 4461 Plut.
1704 4404 1884 4462 Marc.
1927 4422 2010 4477 14,
2052 4423 2107 4475 1;
2147 4404 2273 4462 Cat.
2312 4405 2447 4462 mai.
2490 4423 2573 4478 11,
2611 4424 2662 4462 2.
