3467 5350
1347 567 1795 634 ..55-

395 763 644 830 neque,
692 752 770 809 ut
799 740 929 810 sibi
963 741 1336 809 dederetur
1365 763 1406 808 a
1434 741 1720 825 civibuS,
1771 741 2214 832 poposcisset
2236 748 2302 828 ¹).
2396 742 2542 814 Sed
2579 764 2744 833 quo-

394 849 911 936 modocumque
960 870 1075 917 res
1121 871 1200 917 se
1250 848 1478 931 habet,
1529 849 1813 917 dubium
1865 871 2003 917 non
2053 871 2211 918 esse
2258 862 2511 940 potest,
2580 849 2741 940 quin

392 956 692 1024 Romani
739 955 1201 1024 Hannibalem
1267 956 1641 1045 fugientem
1711 957 1950 1025 vivum
2024 979 2273 1047 capere
2340 979 2610 1026 summa
2677 957 2744 1025 vi

392 1064 527 1132 sint
553 1063 799 1132 conati.
893 1063 1054 1149 Qua
1084 1063 1151 1131 in
1183 1086 1258 1131 re
1285 1085 1532 1132 omnes
1564 1075 1887 1133 auctores
1924 1064 2342 1154 conspirant.
2437 1064 2743 1134 Primum

391 1170 841 1252 Antiochum,
885 1171 1138 1258 Syriae
1186 1193 1450 1260 regem,
1517 1172 1699 1262 apud
1751 1171 2184 1260 Magnesiam
2236 1172 2582 1240 devictum
2631 1173 2743 1240 ad-

393 1280 770 1347 monebant
815 1278 1135 1361 Romani,
1203 1291 1276 1346 ut
1325 1290 1484 1346 ante
1532 1278 1764 1346 omnia
1810 1277 2291 1363 Hannibalem,
2341 1280 2398 1348 si
2445 1291 2743 1369 potesta-

390 1397 527 1454 tem
598 1385 907 1468 haberet,
982 1386 1286 1454 traderet
1309 1389 1381 1472 2).
1491 1385 1635 1455 Sed
1708 1385 2101 1455 Antiochus
2171 1397 2439 1455 tantum
2511 1387 2743 1455 scelus

391 1493 730 1562 dubitavit
762 1493 1194 1562 committere
1226 1506 1436 1583 atque
1470 1493 1840 1562 Hannibali
1874 1493 2179 1582 contigit,
2229 1506 2304 1562 ut
2333 1493 2744 1584 profugeret

392 1602 475 1668 ad
513 1600 849 1684 Prusiam,
898 1601 1260 1690 Bithyniae
1310 1623 1571 1690 regem.
1666 1601 1784 1669 Ab
1834 1624 1921 1669 eo
1970 1623 2254 1691 quoque
2285 1600 2583 1670 Romani
2631 1602 2741 1669 de·

392 1708 712 1777 ditionem
764 1709 912 1777 eius
960 1709 1584 1799 postulaverunt-⁰²).
1678 1708 2227 1797 Iugurtham
2290 1731 2525 1798 regem
2571 1709 2742 1777 calli-

391 1815 747 1885 dissimum
813 1827 1239 1907 naturaeque
1301 1816 1602 1885 hostium
1669 1816 2159 1905 gnarissimum
2210 1815 2504 1884 Romani
2554 1815 2739 1883 omni

359 1924 601 2019 (modo
635 1936 1057 2014 temptarunt
1095 1925 1334 1992 vivum
1370 1947 1640 2015 capere.
1736 1924 2050 1993 Tandem
2089 1924 2410 1993 Bocchus
2442 1922 2740 1991 invenie-

386 2031 608 2113 batur,
650 2033 765 2122 qui
799 2032 1204 2120 Iugurtham
1235 2031 1302 2101 in
1338 2032 1640 2101 hostium
1676 2055 1925 2101 manus
1958 2033 2263 2102 traderet
2287 2034 2355 2120 ¹).
2420 2030 2741 2100 Mithri-

390 2139 654 2208 datem
703 2162 945 2228 regem
994 2140 1324 2210 Lucullus
1368 2140 1706 2209 Romanis
1756 2139 2271 2230 deposcebat⁶).

604 2246 816 2332 Quod
879 2270 1034 2316 curn
1096 2248 1393 2317 Romani
1458 2247 1923 2338 postulabant,
1986 2247 2116 2317 sibi
2178 2246 2537 2336 fingebant
2596 2269 2738 2315 uno

389 2355 500 2422 vel
562 2355 803 2444 paucis
869 2357 955 2423 ad
1003 2354 1410 2446 supplicium
1462 2355 1728 2424 traditis
1777 2354 2296 2424 exsecrationes
2344 2353 2410 2422 in
2462 2367 2735 2423 sontem

387 2473 650 2531 tantum
700 2464 1043 2532 vertendo
1104 2476 1322 2532 totum
1386 2464 1718 2554 populum
1784 2485 1997 2553 posse.
2058 2462 2327 2531 absolvi
2376 2461 2737 2552 dirimique

388 2592 427 2637 a
463 2570 682 2661 culpa.
776 2570 933 2639 Hoc
965 2572 1176 2639 modo
1207 2570 1509 2660 intellegi
1542 2571 1737 2639 facile
1768 2581 2019 2661 potest,
2070 2591 2194 2638 cur
2222 2569 2518 2638 Romani
2561 2568 2737 2658 ipso-

387 2700 540 2747 rum
584 2680 819 2763 duceS,
883 2702 1037 2749 cum
1102 2692 1304 2771 turpe
1370 2680 1618 2749 foedus
1681 2680 1949 2748 iniussu
2010 2678 2244 2769 populi
2293 2678 2573 2747 icissent
2620 2690 2738 2746 aut

385 2785 830 2855 violationem
893 2787 1201 2876 gentium
1267 2788 1432 2856 iuris
1500 2787 2031 2870 commisissent,
2104 2786 2286 2855 ultro
2355 2785 2736 2854 tradendos

386 2916 544 2962 esse
607 2893 925 2964 hostibus
985 2895 1397 2964 censuerint.
1493 2895 1734 2984 Itaque
1782 2894 1823 2962 ii
1873 2896 2106 2978 duceS,
2174 2892 2289 2982 qui
2338 2915 2492 2961 cum
2542 2892 2735 2963 Sam·

382 2999 635 3071 nitibus
670 3013 869 3092 turpe
902 3002 1173 3084 foeduS,
1220 3015 1295 3072 ut
1320 3002 1843 3086 dimitterentur,
1895 3002 2077 3092 apud
2115 3000 2469 3071 Caudinas
2517 2999 2736 3068 furcu-

381 3108 483 3176 las
529 3108 961 3198 pepigerant,
1028 3133 1166 3178 una
1214 3132 1370 3178 cum
1418 3109 1520 3194 iis,
1571 3109 1687 3198 qui
1736 3109 1801 3177 in
1850 3107 2163 3177 feriendo
2211 3108 2597 3191 adfuerunt,
2664 3119 2736 3176 ut

385 3217 872 3304 quaestoribus
934 3229 1003 3286 et
1062 3217 1352 3286 tribunis
1402 3216 1683 3286 militum
1736 3216 1899 3285 nudi
1948 3214 2266 3284 hostibus
2316 3214 2526 3282 dediti
2572 3227 2734 3283 sunt

382 3321 898 3414 periuriumque
931 3328 1000 3393 in
1036 3347 1162 3394 eos
1196 3336 1265 3393 et
1296 3324 1580 3393 violatio
1629 3335 2128 3393 conventorum
2177 3322 2489 3391 derivata
2536 3334 2643 3390 est
2661 3325 2732 3405 ⁶).

600 3521 640 3592 ¹)
678 3522 828 3577 Plut.
865 3521 1112 3577 Flamin.
1151 3540 1238 3593 21,
1282 3541 1329 3594 1,
1366 3542 1418 3579 2.

598 3611 641 3682 ²)
680 3612 887 3683 Polyb.
926 3611 1035 3684 srg.
1072 3630 1160 3683 21,
1203 3631 1286 3683 14,
1325 3631 1386 3685 73
1424 3630 1512 3684 22,
1551 3613 1637 3683 26,
1680 3629 1784 3682 113
1834 3611 1963 3667 Liv.
2002 3628 2089 3682 37,
2127 3626 2214 3682 45,
2256 3627 2351 3682 173
2402 3609 2641 3682 Eutrop.
2681 3628 2731 3679 4,

380 3722 432 3774 4,
469 3719 533 3772 3,
574 3701 918 3863 Ῑίἷοξὲνηξᾷ,
930 3720 1025 3863 2591,
1059 3703 1578 3865 120—‚523013132522'
1594 3720 1741 3864 I5123
1782 3792 1953 3847 Oros.
1980 3810 2031 3862 4,
2052 3808 2138 3860 20,
2159 3808 2258 3862 293
2297 3789 2495 3845 lustin.
2524 3807 2616 3862 ep.
2643 3806 2731 3860 32,

380 3903 430 3953 4,
466 3886 532 3952 83
573 3881 747 3937 Corn.
785 3881 932 3954 Nep.
972 3881 1164 3936 Hann.
1207 3899 1288 3953 12,
1327 3900 1390 3953 23
1428 3882 1577 3938 Plut.
1615 3879 1863 3937 Flamin.
1902 3898 1989 3949 20,
2027 3898 2078 3952 5.

595 3971 641 4042 ⁴)
679 3971 817 4026 Sall.
856 3971 1489 4043 Iug.105—1133Liv.
1529 3989 1653 4044 per.
1691 3973 1794 4042 663
1830 3971 1986 4027 Flor
2029 3988 2076 4040 1,
2114 3974 2213 4041 363
2261 3971 2502 4043 Eutrop.
2541 3991 2592 4043 4,
2630 3989 2728 4044 273

382 4063 554 4118 OrOS.
592 4078 643 4134 5,
700 4079 792 4133 153
849 4062 924 4116 de
976 4060 1085 4116 vir.
1123 4060 1198 4117 ill.
1238 4079 1322 4134 75,
1360 4079 1423 4131 23
1482 4061 1651 4117 Diod.
1688 4061 1798 4132 frg.
1836 4078 1922 4132 34,
1961 4076 2063 4130 393
2122 4059 2284 4117 Cass.
2325 4060 2455 4116 Dio.
2494 4059 2602 4132 frg.
2640 4063 2728 4132 26,

378 4155 467 4224 89,
503 4154 566 4222 63
604 4152 753 4207 Plut.
791 4151 935 4206 Mar.
979 4169 1062 4220 10,
1099 4168 1162 4221 43
1201 4151 1337 4207 Sull.
1376 4168 1428 4221 3,
1465 4168 1515 4223 3.

596 4241 640 4313 ⁸)
678 4241 826 4298 Plut.
864 4242 1000 4297 Luc.
1043 4260 1127 4313 19,
1169 4260 1223 4311 13
1261 4259 1348 4312 21,
1386 4257 1437 4314 7.

596 4329 649 4401 ⁸)'
677 4331 826 4387 Plut.
847 4330 978 4386 Tib.
1001 4330 1214 4387 Grach.
1254 4350 1304 4403 7,
1341 4348 1405 4401 23
1444 4330 1700 4404 Appian.
1726 4330 1805 4386 Ib.
1824 4332 1898 4402 83
1909 4348 1925 4400 3
1967 4330 2082 4386 Cic.
2108 4330 2206 4387 off.
2233 4347 2284 4402 3,
2326 4346 2454 4400 1093
2492 4330 2539 4385 F
2543 4330 2647 4385 lor.
2677 4348 2727 4401 1,

382 4423 464 4493 16,
508 4439 598 4477 12:
637 4420 1056 4494 turpitudinem
1093 4420 1352 4477 foederis
1389 4421 1691 4489 dirimunt3
1729 4419 1857 4476 Liv.
1895 4436 2020 4492 per.
2057 4437 2110 4491 9.
