3467 5350
1674 525 2131 659 492..

724 769 956 839 iussit:
1008 769 1331 837 'mulieres
1380 780 1451 835 et
1482 788 1744 855 pueros
1775 764 2028 833 dimisit
2055 764 2437 834 incolumes
2456 772 2525 845 ¹).
2600 764 2820 832 Etiam
2859 763 2951 832 Iu
2972 765 3017 832 b
3040 787 3078 831 a

731 900 855 946 rex
905 888 1150 966 captos
1198 876 1330 944 sub
1381 874 1747 942 moenibus
1797 872 2174 941 collocatos
2223 871 2372 940 telis
2421 870 2773 959 confixit2).

938 984 1076 1051 Iam
1113 981 1430 1051 venimus
1464 981 1551 1048 ad
1592 979 1985 1048 taeterrima
2033 978 2388 1068 supplicia.
2480 977 2585 1045 Ex
2633 978 2768 1045 hoc
2817 1000 3077 1065 genere

726 1091 950 1160 Vitelli
976 1088 1412 1179 imperatoris
1438 1110 1654 1157 saeva
1679 1101 1889 1176 atque
1917 1085 2311 1154 miseranda
2340 1106 2531 1153 mors
2559 1096 2685 1156 est.
2743 1087 3079 1172 Relzgratzs

716 1206 876 1287 post
918 1205 1110 1285 terga
1155 1198 1485 1271 manibus,
1551 1197 1791 1261 iniecto
1838 1195 2199 1261 cervicibus
2247 1196 2501 1279 laquea,
2561 1200 2740 1258 veste
2786 1194 3077 1267 discissa,

721 1307 1120 1372 seminudus
1145 1306 1217 1369 in
1213 1305 1458 1391 sorum
1481 1309 1739 1368 tractus
1760 1308 1860 1367 est
1875 1303 2057 1367 inter
2074 1323 2324 1388 magna
2348 1322 2578 1366 rerum
2599 1301 3080 1385 verborumque

724 1414 1036 1487 ludibria,
1076 1421 1209 1498 per
1237 1418 1447 1477 totum
1481 1411 1630 1475 viae
1658 1412 1916 1474 Sacrae
1957 1408 2274 1494 spatium,
2325 1409 2598 1473 reducto
2629 1430 2812 1472 coma
2844 1408 3075 1493 capite,

714 1544 848 1586 ‘ceu
895 1520 1094 1585 noxii
1115 1520 1349 1592 solent,
1399 1524 1602 1603 atque
1635 1517 1837 1582 etiam
1870 1521 2091 1580 mento
2138 1537 2458 1579 mucrone
2492 1515 2720 1601 gladii
2754 1514 3074 1586 subrecta,

723 1633 804 1691 ut
836 1628 1182 1693 visendam
1206 1671 1213 1678 -
1219 1626 1577 1712 praeberet
1593 1624 1856 1710 faciem
1903 1645 2071 1688 neve
2113 1622 2606 1692 summitteret:
2681 1622 3077 1707 quibusdam

720 1742 1007 1800 stercore
1031 1739 1099 1798 et
1120 1745 1321 1798 caeno
1347 1732 1846 1812 incessentibus,
1895 1730 2066 1803 aliis,
2117 1729 2664 1803 ‚incendiarium'
2706 1734 2774 1793 et
2789 1729 3076 1814 ,patina-

724 1842 930 1906 rium’
966 1839 1496 1921 vociferantibus,
1555 1844 1758 1924 parte
1815 1837 2014 1923 vulgi
2052 1836 2251 1901 etiam
2301 1836 2586 1921 corporis
2632 1836 2796 1900 vz'tia
2842 1843 3076 1920 expro-

727 1949 976 2013 brante.
991 1986 1057 1994 —-
1079 1948 1377 2011 Tandem
1414 1947 1608 2031 apud
1634 1945 1995 2011 Gemonias
2019 1943 2486 2008 minutissimis
2507 1944 2744 2007 ictibus
2768 1943 3075 2007 excarni-

728 2056 993 2141 ficatus
1023 2058 1226 2138 atque
1266 2054 1600 2139 confectus
1631 2057 1746 2125 est,
1799 2057 1867 2116 et
1900 2051 2060 2115 inde
2088 2073 2264 2114 unco
2296 2056 2551 2115 tractus
2580 2051 2653 2115 in
2696 2050 2982 2115 Tiberim
3004 2051 3075 2133 ⁸).

726 2158 856 2226 Vel
909 2158 1083 2226 inter
1129 2157 1254 2225 has
1317 2156 1757 2225 crudelitates
1818 2155 2007 2224 dictu
2068 2156 2444 2244 audituque
2508 2154 2832 2224 horridae
2892 2167 3072 2237 sunt,

727 2288 905 2354 quae
953 2264 1308 2334 Scordisci
1364 2263 1686 2332 dicuntur
1732 2261 1967 2352 egisse
2028 2262 2106 2330 inv
2162 2262 2496 2351 captivos.
2590 2265 2854 2350 Raptis,
2925 2286 3072 2328 cum

715 2376 956 2460 poculo
1016 2381 1181 2459 opus
1240 2378 1425 2446 esset,
1489 2373 1947 2437 humanorum
1996 2372 2288 2457 capitum
2334 2371 2585 2435 ossibus
2630 2371 2927 2435 cruentis
2974 2393 3076 2435 ca-

717 2481 1112 2565 pillatisque
1165 2480 1390 2544 adhuc
1434 2502 1513 2544 ac
1546 2488 1679 2565 per
1723 2480 2074 2544 interiores
2120 2500 2443 2543 cavernas
2489 2478 2663 2542 male
2708 2479 2933 2566 effosso
2980 2500 3076 2543 ce-

729 2588 922 2655 rebro
988 2587 1203 2651 oblitis
1265 2587 1461 2651 avide
1521 2609 1601 2651 ac
1661 2587 1812 2650 sine
1875 2586 2149 2651 horrore
2213 2590 2556 2670 tamquam
2604 2585 2781 2649 veris
2815 2584 3078 2670 poculis

668 2698 679 2711 ’
725 2694 1197 2776 κίεόαηίτιν4).’
1270 2690 1423 2760 Sub
1469 2690 1777 2759 Traiano
1844 2691 2263 2780 imperatore
2309 2690 2563 2758 factum
2613 2713 2776 2758 esse
2823 2713 3076 2758 memo·

730 2799 869 2867 riae
918 2798 1255 2889 proditur,
1304 2809 1380 2865 ut
1410 2798 1645 2866 Iudaei
1679 2797 2131 2886 Cyrenenses
2179 2796 2502 2865 carnibus
2551 2809 2911 2886 captorum
2961 2819 3072 2865 ve-

723 2918 1104 2988 scerentur,
1165 2905 1564 2975 redimirent
1610 2928 1688 2974 se
1740 2905 2145 2988 visceribus,
2198 2904 2668 2973 oblinerentur
2714 2903 3072 2991 sanguine,

724 3013 1015 3103 pellibus
1082 3012 1547 3085 induerentur.
1643 3012 1905 3081 Multos
1968 3035 2008 3080 a
2074 3011 2337 3080 vertice
2405 3034 2531 3079 eos
2591 3010 2803 3080 serris
2867 3011 3075 3080 disse-

725 3121 951 3189 cuisse
1016 3120 1312 3202 additur,
1389 3119 1624 3188 bestiis
1690 3121 1946 3189 multos
2011 3118 2372 3202 obiecisse,
2454 3119 2708 3186 multos
2767 3117 2942 3186 inter
2996 3141 3077 3187 se

723 3239 993 3296 certare
1027 3227 1371 3316 coegisse,
1436 3239 1511 3295 ut
1556 3227 1914 3296 interirent
1960 3227 2048 3294 ad
2096 3227 2394 3295 ducenta
2440 3224 2685 3314 viginti
2733 3225 2912 3293 milia
2959 3227 3078 3293 ho-

720 3333 998 3402 minum.
1095 3334 1354 3404 Similia
1415 3335 1627 3402 multa
1689 3357 1850 3403 esse
1898 3335 2271 3403 commissa
2318 3333 2385 3401 in
2434 3333 2775 3422 Aegypto
2824 3344 2893 3401 et
2940 3331 3075 3420 Cy-

722 3464 852 3530 pro
871 3447 942 3525 ⁵).
1035 3440 1182 3510 Sed
1251 3442 1422 3510 haec
1488 3464 1628 3509 non
1696 3441 2022 3509 videntur
2087 3440 2327 3508 similia
2387 3438 2556 3521 veri,
2622 3440 2832 3507 immo
2899 3439 3074 3507 falso

727 3547 998 3615 Iudaeis
1047 3545 1307 3615 crimini
1355 3548 1535 3615 data.

814 3666 820 3671 ’
935 3651 1082 3722 Sed
1130 3653 1419 3740 longum
1477 3667 1583 3722 est
1629 3675 1876 3721 omnes
1926 3652 2263 3720 eiusmodi
2314 3651 2753 3722 crudelitates
2800 3675 3073 3722 enume-

721 3781 897 3826 rare.
992 3758 1258 3826 Tamen
1306 3782 1526 3849 pauca
1575 3760 1796 3827 verba
1843 3758 2141 3826 tribuam
2186 3757 2265 3825 iis
2313 3759 2685 3848 suppliciis,
2737 3782 2917 3850 quae
2964 3783 3075 3829 ex·

722 3867 1140 3934 ercebantur
1186 3865 1250 3934 in
1304 3889 1365 3933 m
1393 3866 1543 3939 ari.
1641 3864 2255 3953 Carthaginienses
2302 3865 2546 3935 milites
2593 3868 3074 3936 Romanorum

722 3972 1066 4041 maritimo
1100 3973 1472 4041 certamine
1503 3973 1808 4061 quodam
1840 3972 1904 4040 in
1939 3984 2354 4063 potestatem
2405 3975 2729 4042 redactos
2775 3975 3074 4043 navibus

720 4080 1280 4164 substraverunt,
1349 4093 1421 4148 ut
1484 4103 1719 4148 earum
1773 4079 2021 4149 carinis
2069 4103 2148 4148 ac
2196 4082 2509 4170 pondere
2558 4081 2703 4150 elisi
2751 4082 3075 4150 inusitata

939 4241 979 4310 ι)
1018 4240 1176 4313 App.
1217 4243 1360 4296 b..c.
1404 4260 1449 4312 1,
1487 4260 1575 4312 94.
1622 4272 1676 4281 —
1724 4241 1768 4311 ²)
1808 4242 1967 4313 App.
2006 4243 2061 4297 b.
2101 4261 2148 4297 c.
2185 4260 2238 4313 2,
2276 4244 2363 4313 46.
2408 4276 2464 4284 -
2517 4241 2558 4313 ⁸)
2598 4242 2838 4300 Sueton.
2877 4243 3073 4298 Vitell.

719 4349 821 4477 Ι1)7;
863 4332 1036 4388 Oros,
1074 4351 1127 4405 7,
1175 4335 1226 4404 8,
1274 4334 1325 4388 8.
1371 4367 1427 4374 -·
1484 4334 1529 4404 ⁴)
1570 4334 1723 4389 Flor.
1763 4353 1814 4405 3,
1866 4353 1918 4405 4,
1967 4336 2085 4406 2l3;
2126 4335 2297 4391 Oros,
2336 4351 2388 4407 5,
2438 4353 2525 4406 23,
2581 4336 2661 4393 18.
2702 4365 2773 4374 -—
2823 4334 2866 4407 ⁸⁵)
2906 4333 3071 4390 Cass·

777 4421 850 4477 io,
889 4423 977 4493 68,
1015 4440 1101 4493 32·
