3467 5350
1372 582 1817 653 ..77-

418 762 766 850 alligatum
798 759 1016 850 virgis
1067 759 1402 829 cecidisse
1451 771 1768 830 narratur
1791 766 1858 844 ¹).
1952 757 2096 829 Sed
2146 757 2281 826 hoc
2330 780 2540 826 unum
2592 775 2770 825 sum·

419 870 506 937 mi
556 869 888 938 momenti
935 880 1043 937 est
1090 869 1648 937 verberationem
1699 891 1860 936 esse
1920 866 2345 956 saepissime,
2412 889 2499 934 ne
2548 866 2768 934 dicam

420 999 721 1066 semper,
778 990 1089 1046 secutum
1143 977 1382 1066 capitis
1443 976 1945 1067 supplicium2),
2043 974 2275 1064 Virgis
2323 974 2516 1042 caedi
2564 985 2773 1063 atque

419 1083 644 1152 securi
679 1083 974 1173 percuti:
1026 1084 1197 1151 haec
1229 1097 1333 1152 est
1383 1106 1610 1173 poena
1658 1082 1938 1173 propria
1967 1096 2326 1151 auctorum
2358 1082 2769 1150 seditionum

420 1190 948 1281 principumque
983 1190 1467 1264 defectionum.
1561 1189 1705 1260 Sed
1758 1190 2007 1258 eodem
2058 1189 2270 1257 modo
2306 1189 2643 1279 perfugae
2675 1211 2772 1257 re·

420 1299 596 1388 cepti
658 1297 878 1386 virgis
940 1300 1487 1383 verberantur3).
1582 1298 1882 1367 Perraro
1949 1296 2345 1365 verberatio
2411 1298 2563 1365 sola
2624 1309 2773 1365 erat

421 1405 783 1494 castigatio
810 1408 877 1490 4).
975 1405 1135 1474 Uno
1205 1405 1362 1473 loco
1384 1410 1434 1490 ⁶)
1491 1405 1770 1474 invenio
1837 1427 1877 1472 a
1941 1405 2277 1474 Romanis
2333 1405 2773 1494 septuaginta

423 1512 760 1582 Numidas
796 1514 1207 1582 verberatos
1240 1535 1378 1582 non
1423 1536 1581 1583 esse
1630 1524 1937 1593 necatos»,
1987 1512 2111 1581 sed
2163 1513 2485 1580 manibus
2534 1511 2770 1580 recisis

421 1621 774 1689 remissos,
871 1621 1317 1690 Admirabilis
1381 1621 1447 1689 in
1496 1621 1872 1691 tolerandis
1920 1620 2276 1689 doloribus
2346 1620 2774 1688 constantiae

422 1728 813 1818 exemplum
831 1729 1219 1798 invenimus
1238 1730 1425 1819 apud
1440 1730 1829 1798 Diodorum
1849 1729 2003 1817 (frg.
2018 1728 2254 1796 incert.
2277 1736 2402 1817 13).
2477 1727 2773 1796 Romani

422 1836 727 1905 omnium
776 1837 840 1905 in
893 1849 1273 1927 conspectu
1323 1837 1882 1905 verberationem
1929 1835 2253 1904 videntur
2300 1835 2770 1919 exercuissess).

633 1943 854 2012 Etiam
903 1943 1157 2012 Poeni
1219 1943 1685 2032 adhibuerunt
1737 1943 1974 2032 virgas
2031 1954 2188 2011 ante
2237 1942 2478 2033 capitis
2524 1943 2772 2033 suppli-

422 2049 601 2118 cium
624 2054 689 2135 ⁷).

635 2157 795 2226 Alio
859 2160 1073 2226 modo
1143 2181 1223 2227 ac
1273 2160 1685 2228 verberibus
1736 2170 1979 2250 captos
2027 2157 2429 2226 excruciare
2477 2159 2769 2227 alienum

421 2263 698 2333 videtur
752 2288 910 2335 esse
958 2289 998 2335 a
1045 2265 1194 2335 iure
1242 2267 1401 2335 belli
1447 2267 1951 2350 Romanorum,
2017 2265 2143 2333 nisi
2188 2265 2366 2334 forte
2414 2268 2774 2335 tormentis

422 2375 856 2461 cogebantur
922 2374 1101 2465 capti
1162 2398 1532 2443 servorum
1601 2376 1813 2444 modo
1863 2395 2114 2443 arcana
2159 2373 2373 2442 fateri.
2456 2373 2771 2463 Exiguus

421 2492 532 2549 est
592 2504 923 2551 numerus
986 2505 1231 2551 eorum
1294 2482 1629 2565 locorum,
1705 2482 1956 2571 quibus
2018 2482 2362 2551 cruciatus
2411 2494 2772 2572 captorum

424 2601 1061 2658 commemorantur
1081 2592 1151 2675 ⁸).
1224 2590 1575 2681 Excipiam
1604 2589 1968 2659 foeditates
2012 2589 2206 2658 bellis
2234 2589 2547 2659 civilibus
2595 2614 2772 2661 corn-

425 2695 698 2765 missas.
794 2697 958 2783 Quo
1015 2697 1238 2787 magis
1271 2698 1753 2767 Romanorum
1804 2710 2127 2767 auctores
2162 2697 2417 2766 exteris
2451 2700 2774 2787 gentibus

424 2803 900 2874 crudelitatem
949 2816 1457 2874 tormentorum
1528 2805 2008 2874 attribuerunt.
2103 2803 2249 2874 Sed
2314 2805 2649 2890 homines,
2702 2819 2775 2876 ut

421 2922 583 2980 sunt
615 2912 918 3003 prompti
952 2914 1040 2982 ad
1073 2925 1208 2981 tam
1253 2914 1606 2982 fabulosas
1654 2936 1792 2994 res,
1843 2913 2095 3002 quibus
2143 2912 2616 2981 misericordia
2664 2936 2774 2983 ex·

425 3017 686 3102 citetur,
737 3020 930 3089 facile
962 3019 1256 3109 fingunt,
1306 3021 1589 3104 addunt,
1641 3033 1919 3110 augent,
1970 3032 2045 3089 ut
2093 3044 2271 3102 eum,
2322 3020 2438 3108 qui
2485 3022 2774 3091 summis

431 3124 847 3195 cruciatibus
876 3149 1259 3217 oppressus
1286 3138 1582 3196 mortem
1609 3128 1673 3195 in
1702 3127 2005 3196 hostium
2034 3127 2351 3196 manibus
2377 3126 2540 3210 obit,
2575 3129 2774 3217 quasi

424 3231 665 3301 tollant
711 3233 801 3301 ad
849 3234 1043 3308 deos,
1136 3234 1406 3304 Tantos
1468 3235 1836 3323 cruciatuS‚
1907 3248 2206 3325 quantos
2255 3247 2579 3304 auctores
2628 3259 2775 3305 nar·

426 3351 581 3408 rant
626 3339 911 3409 Atilium
942 3340 1291 3430 Regulum
1328 3343 1623 3424 subisse,
1672 3343 1829 3431 quis
1877 3355 2001 3422 est,
2076 3342 2193 3432 qui
2242 3343 2527 3412 credat?
2620 3344 2774 3412 Iure

644 3539 684 3610 ¹)
724 3539 888 3594 Cass,
927 3539 1057 3596 Dio.
1098 3558 1184 3611 49,
1223 3558 1309 3610 22,
1345 3541 1398 3594 6.

641 3627 1148 3701 ²)Liv.„;8207
1186 3630 1851 3701 9„;16109„;2415
1894 3632 2773 3703 10„;1326„;„1582613

428 3735 523 3789 153
561 3719 648 3788 26,
687 3736 774 3789 40,
816 3737 911 3790 13;
949 3737 1037 3790 33,
1074 3720 1163 3789 36,
1200 3737 1264 3790 3,
1302 3737 1389 3790 41,
1432 3737 1515 3789 11,
1551 3721 1616 3788 8,
1654 3719 1860 3792 Polyb.
1903 3739 1949 3791 1,
1989 3739 2040 3793 7,
2084 3739 2180 3791 12,
2220 3721 2558 3777 CaesmbG
2595 3722 2648 3790 8,
2685 3723 2773 3792 38,

424 3825 489 3879 5,
528 3806 701 3864 Diod.
743 3826 826 3878 19,
868 3825 986 3878 101,
1024 3826 1088 3879 3,
1124 3826 1214 3879 34,
1251 3826 1350 3880 31,
1389 3809 1539 3865 Plut.
1559 3808 1739 3864 Mare.
1783 3828 1866 3880 14,
1908 3828 1965 3880 1,
2003 3810 2172 3866 Dion.
2194 3810 2327 3866 Hal.
2364 3829 2418 3881 3,
2454 3828 2551 3881 40,
2588 3826 2639 3881 3,
2677 3813 2773 3882 58,

423 3915 476 3969 5,
516 3915 616 3969 43;
653 3915 704 3969 5,
742 3915 842 3969 51,
879 3915 930 3970 5,
967 3900 1067 3968 60,
1109 3916 1193 3968 10,
1230 3917 1330 3968 21;
1370 3899 1599 3971 Ioseph·
1626 3899 1824 3955 b·1ud·
1864 3918 1915 3970 2,
1957 3918 2040 3970 14,
2077 3918 2142 3970 95
2179 3917 2231 3971 5,
2273 3917 2355 3968 11,
2398 3917 2456 3968 13
2496 3917 2546 3972 7,
2588 3917 2672 3969 11,
2709 3918 2773 3970 33

424 4005 476 4059 7,
515 4004 566 4058 5,
603 3988 667 4056 6;
705 3987 903 4044 Valer.
942 3988 1098 4044 Max.
1137 4007 1189 4059 9,
1233 4006 1316 4058 10,
1359 4006 1414 4059 1;
1453 3989 1596 4044 Zon.
1634 3990 1686 4058 8,
1726 4007 1776 4060 7.

643 4077 686 4148 ⁸)
724 4078 1144 4150 Liv.24,20,6;
1184 4097 1377 4149 24,30,
1403 4080 1465 4149 6,
1505 4096 1591 4150 25,
1630 4097 1681 4150 7,
1724 4097 1792 4149 14
1804 4097 1819 4149 ;
1860 4080 1947 4149 26,
1989 4096 2071 4149 12,
2114 4096 2206 4150 195
2246 4077 2585 4134 Plut.Marc.
2609 4095 2692 4148 14,
2725 4096 2773 4134 1.

641 4167 686 4236 ⁴)
725 4167 953 4239 Ioseph.
974 4169 1028 4222 b.
1050 4169 1090 4223 Ι.
1110 4188 1162 4238 2,
1185 4187 1352 4240 13,7;
1390 4187 1441 4241 7,
1466 4170 1517 4238 6,
1544 4187 1605 4239 4,
1646 4170 1832 4225 Tacit.
1859 4168 1989 4225 hist.
2009 4188 2061 4240 3,
2081 4187 2181 4242 33,
2222 4168 2290 4224 cf.
2312 4169 2516 4240 Polyb.
2537 4185 2589 4239 3,
2607 4169 2696 4238 62,
2722 4188 2773 4239 4.

644 4255 687 4326 ⁸)
723 4256 852 4312 Liv.
890 4258 977 4327 26,
1018 4275 1102 4327 12,
1145 4277 1227 4329 19.
1273 4292 1329 4300 —
1387 4259 1431 4329 θ)
1469 4258 1597 4314 Liv.
1636 4277 1723 4329 24,
1761 4276 1850 4329 20,
1887 4260 1947 4328 6;
1985 4277 2072 4330 24,
2109 4277 2198 4329 30,
2234 4260 2287 4313 6.
2332 4287 2386 4297 -
2443 4257 2485 4328 ⁷)
2522 4258 2649 4313 Liv.
2686 4276 2775 4327 22,

427 4363 514 4416 13,
550 4363 613 4416 93
653 4347 740 4415 28,
776 4364 864 4419 37,
902 4364 952 4402 2.
1011 4378 1067 4386 —
1126 4346 1169 4418 ⁸)
1208 4348 1395 4404 Tacit.
1434 4347 1564 4403 hist.
1602 4366 1654 4418 3,
1691 4350 1792 4419 85,
1850 4349 2090 4420 Eutrop.
2129 4367 2180 4419 7,
2221 4349 2305 4417 18,
2342 4349 2460 4419 5l6;
2514 4346 2774 4419 Appian.

424 4436 628 4492 Samn.
665 4437 729 4505 6,
769 4436 916 4491 Gall.
959 4455 1054 4506 11;
1094 4437 1263 4493 Oios.
1303 4438 1354 4507 6,
1391 4439 1444 4508 8,
1485 4455 1568 4509 17.
