3467 5350
1355 530 1790 615 -69,

392 730 628 810 patres
690 733 1120 800 censuerunt,
1189 732 1272 790 ut
1323 729 1397 810 Q.
1456 726 1727 790 Cassius
1785 728 2038 790 Persea
2097 748 2319 811 regem
2381 747 2533 791 cum
2592 726 2759 790 Ale-

402 832 672 897 xandro
696 835 859 920 filio
904 831 1159 899 Albam
1207 835 1279 898 in
1330 834 1813 898 custodiam
1863 833 2137 898 duceret
2150 858 2180 904 ,·
2255 884 2267 897 .
2318 884 2330 898 .
2378 885 2391 898 .
2440 884 2452 897 .
2498 832 2758 919 Bithys,

402 941 612 1026 filius
645 940 889 1026 Cotyis,
939 941 1116 1026 regis
1149 941 1505 1013 Thracum,
1557 961 1708 1004 cum
1756 940 2086 1005 obsidibus
2132 942 2206 1005 in
2254 941 2760 1006 custodiam

415 1049 754 1113 Carseolos
790 1054 891 1113 est
917 1049 1161 1113 missus
1175 1074 1204 1120 ,·
1255 1055 1498 1114 ceteros
1545 1049 1852 1134 captivos,
1904 1049 2029 1133 qui
2069 1049 2142 1113 in
2190 1048 2533 1135 triumpho
2578 1049 2771 1113 ducti

405 1162 619 1229 erant,
669 1157 741 1220 in
790 1178 1242 1221 carcerem
1293 1157 1495 1220 condi
1521 1155 1793 1242 placuit
1807 1158 1875 1237 1).
1920 1200 2007 1208 —-
2059 1158 2214 1221 Rex
2271 1157 2561 1221 Gentius
2607 1178 2757 1221 cum

410 1263 633 1328 liberis
690 1269 758 1328 et
817 1264 1097 1349 coniuge
1156 1269 1225 1328 et
1266 1264 1493 1347 fratre
1535 1263 1911 1349 Spoletium
1974 1263 2047 1326 in
2109 1285 2261 1328 cus
2284 1269 2365 1328 to
2384 1265 2435 1327 d
2447 1264 2531 1328 ia
2550 1287 2617 1328 m
2674 1286 2762 1330 ex

403 1376 678 1435 senatus
729 1372 1025 1436 consulto
1071 1372 1332 1444 ductm,
1384 1370 1591 1435 ceteri
1631 1370 1883 1455 captivi
1918 1372 2177 1435 Romae
2222 1370 2295 1435 in
2340 1393 2522 1436 carc
2539 1394 2574 1437 e
2591 1394 2759 1437 rem

408 1479 766 1559 coniecti2).
812 1518 901 1528 —
949 1477 1236 1543 trecenti
1248 1479 1483 1564 ferme
1529 1477 1781 1541 nobiles
1818 1477 2157 1563 Campani
2194 1476 2267 1541 in
2317 1500 2516 1543 carc
2536 1500 2759 1545 erem

408 1585 672 1659 conditi,
720 1585 849 1649 alii
858 1593 993 1671 per
1016 1586 1342 1650 sociorum
1372 1585 1619 1650 Latini
1653 1585 1945 1649 nominis
1990 1585 2188 1650 urbes
2231 1586 2304 1649 in
2355 1591 2572 1650 custo
2586 1585 2762 1649 dias

409 1710 635 1793 datz·⁸).
2307 1768 2310 1771 ⁴

623 1815 973 1884 Carcer
1022 1815 1187 1905 quin
1236 1817 1525 1905 gravius
1553 1816 1989 1885 coercitionis
2038 1839 2265 1905 genus
2313 1816 2513 1884 fuerit
2549 1837 2758 1904 quam

409 1945 510 1991 cu
533 1935 677 1991 sto
701 1922 887 2005 dia,
938 1923 1222 1992 dubium
1251 1947 1387 1992 non
1425 1947 1582 1993 esse
1607 1935 1859 2014 potest.
1956 1923 2219 1993 Carcer
2256 1924 2642 1992 habebatur
2671 1924 2759 1991 ad

407 2030 868 2099 continendos
906 2029 1241 2114 homineS‚
1293 2054 1429 2100 non
1470 2031 1556 2099 ad
1592 2032 1987 2122 puniendos
2005 2032 2070 2120 4).
2165 2032 2404 2121 Itaque
2439 2031 2501 2114 ii,
2544 2032 2660 2122 qui
2692 2031 2759 2099 in

407 2138 760 2228 triumpho
795 2151 953 2206 ante
987 2161 1265 2207 currum
1301 2139 1755 2222 ducebantur,
1795 2152 1912 2208 aut
1937 2138 1999 2221 ii,
2050 2139 2165 2228 qui
2191 2138 2541 2208 verberati
2567 2160 2761 2208 neca·

407 2248 656 2314 bantur
716 2246 826 2314 vel
887 2245 1114 2314 securi
1178 2246 1764 2335 percutiebantur,
1833 2246 2194 2315 adservari
2255 2248 2571 2316 solebant
2620 2269 2760 2315 car-

407 2375 567 2421 cere
587 2358 659 2438 5).
753 2354 826 2422 In
861 2375 1142 2421 carcere
1174 2354 1373 2421 etiam
1408 2356 2026 2443 strangulabantur
2057 2352 2307 2444 captivi
2341 2354 2453 2421 vel
2485 2375 2758 2422 summo

405 2447 561 2529 loco
623 2460 850 2544 nati0).
945 2460 1285 2529 Puniendi
1347 2485 1562 2530 causa
1625 2474 1867 2552 captos
1928 2460 1993 2529 in
2054 2483 2401 2529 carcerem
2456 2461 2760 2530 condere

407 2568 700 2636 alienum
750 2580 897 2636 erat
938 2591 978 2636 a
1025 2569 1528 2638 consuetudine
1574 2569 2055 2638 Romanorum
2103 2569 2316 2637 libera
2364 2591 2440 2636 re
2487 2568 2761 2657 publica

406 2675 718 2761 florente,
772 2677 1194 2747 Caesaribus
1260 2677 1623 2768 imperium
1697 2678 2165 2747 obtinentibus
2242 2679 2617 2746 utebantur
2693 2688 2763 2746 et

407 2783 698 2852 vinculis
746 2784 1099 2875 perpetuis
1149 2798 1216 2853 et
1266 2785 1723 2876 temporariis,
1820 2786 2116 2854 Ioannes
2162 2784 2461 2853 Iudaeus
2509 2783 2586 2868 is,
2648 2784 2763 2875 qui

407 2890 916 2980 Hierosolymis
982 2893 1199 2982 captis
1263 2917 1341 2962 se
1403 2895 1469 2961 in
1533 2893 1742 2961 fidem
1792 2892 1928 2961 Titi
1976 2893 2372 2976 tradiderat,
2438 2904 2761 2960 servatus

409 3011 515 3067 est
579 2999 865 3068 vinculis
927 3000 1300 3091 perpetuis.
1412 3001 1486 3069 In
1552 3023 1831 3068 carcere
1891 3000 2046 3090 ipso
2112 2999 2546 3089 captivorum
2606 3022 2761 3068 con-

409 3106 586 3173 dicio
650 3107 1033 3176 miserrima
1095 3120 1242 3176 erat
1306 3121 1515 3198 atque
1562 3108 1814 3175 multas
1863 3107 2207 3195 querellas
2257 3105 2615 3196 proferunt
2663 3129 2761 3174 re-

409 3236 563 3281 rum
619 3214 1020 3304 scriptores„
1117 3214 1367 3304 Neque
1430 3238 1590 3283 raro
1639 3214 1909 3284 licentia
1957 3214 2345 3303 duritiaque
2393 3214 2759 3282 custodum

412 3319 664 3410 captivi
731 3323 1040 3409 graviter
1099 3325 1613 3414 premebantur.
1706 3322 2045 3410 Iugurtha
2091 3321 2156 3390 in
2207 3344 2555 3391 carcerem
2606 3344 2761 3390 con·

410 3427 651 3513 iectuS,
720 3453 876 3497 cum
943 3430 1048 3498 alii
1115 3431 1183 3499 vi
1247 3430 1308 3499 ei
1371 3431 1670 3499 tunicam
1736 3431 2099 3520 eriperent,
2169 3429 2276 3499 alii
2341 3429 2608 3498 aurium
2669 3430 2759 3498 in-

411 3536 611 3625 signe
670 3538 1007 3606 revellere
1068 3540 1568 3607 contendentes
1635 3538 1839 3607 simul
1899 3537 2270 3606 auriculam
2344 3536 2759 3620 avellissent,

415 3644 644 3712 nudus
691 3644 759 3712 in
809 3646 1208 3714 barathrum
1258 3648 1584 3716 detrusus
1632 3658 1774 3728 est;
1822 3645 1915 3715 ibi
1962 3646 2407 3737 perturbatus
2456 3645 2648 3713 vultu
2696 3644 2763 3713 in

413 3750 626 3820 risum
654 3773 897 3821 verso:
949 3753 1085 3822 Per
1124 3755 1496 3836 herculem,
1544 3754 1780 3843 inquit,
1834 3777 2037 3844 quam
2088 3753 2413 3842 frigidum
2448 3764 2760 3822 vestrum

629 3967 675 4037 ¹)
714 3967 840 4023 Liv·
878 3985 966 4040 45,
1004 3987 1090 4041 42,
1127 3988 1179 4040 4·

630 4054 672 4126 ²)
711 4057 837 4112 Liv.
876 4076 962 4129 45,
1002 4077 1088 4128 43,
1125 4077 1176 4129 9.
1222 4092 1276 4099 —
1325 4056 1366 4129 ⁸)
1404 4058 1532 4115 Liv.
1570 4060 1658 4114 26.
1700 4059 1785 4128 16,
1821 4058 1874 4113 6.
1919 4089 1977 4099 -
2020 4057 2065 4128 ⁴)
2106 4057 2234 4129 Dig.
2273 4060 2360 4129 48,
2402 4073 2486 4127 19,
2523 4058 2575 4126 8,
2612 4074 2663 4127 9.
2698 4088 2755 4098 —

415 4144 458 4215 ⁵)
496 4144 624 4200 Liv.
655 4147 708 4214 8,
745 4165 832 4216 20,
870 4150 988 4219 6l73
1039 4166 1126 4220 37,
1164 4149 1253 4219 46,
1291 4164 1355 4220 55
1407 4150 1496 4219 38,
1533 4150 1620 4219 60,
1659 4148 1696 4201 6
1707 4166 1722 4217 3
1788 4147 1915 4203 Liv.
1956 4163 2080 4217 per.
2117 4147 2188 4219 67
2201 4163 2217 4216 ;
2279 4146 2485 4217 Polyb.
2525 4145 2634 4217 frg.
2676 4147 2762 4216 16,

412 4251 499 4305 23,
539 4253 588 4306 7.
652 4269 708 4276 -
771 4236 813 4306 ⁸)
854 4255 909 4292 v.
949 4237 1259 4310 supplicia;
1313 4238 1381 4292 cf.
1419 4237 1546 4294 Liv.
1586 4255 1711 4309 per.
1749 4238 1820 4310 67
1833 4256 1848 4307 3
1903 4237 2075 4292 Oros,
2114 4253 2165 4307 5,
2209 4253 2291 4307 10,
2329 4250 2363 4306 5
2377 4252 2392 4305 ;
2449 4251 2501 4306 5,
2544 4252 2626 4306 15,
2668 4253 2761 4306 19;

413 4342 465 4396 5,
505 4342 553 4395 1,
591 4342 654 4397 93
693 4325 932 4399 Eutrop.
971 4345 1021 4397 4,
1061 4346 1149 4398 20,
1186 4345 1245 4396 2;
1283 4345 1335 4397 4,
1372 4346 1459 4399 27,
1496 4328 1557 4396 6;
1598 4326 1844 4399 Capitol.
1870 4325 2045 4381 XXX
2082 4333 2193 4397 tyr.
2221 4342 2315 4395 215
2353 4323 2548 4381 Strab.
2588 4341 2673 4394 14,
2713 4341 2760 4395 1,

414 4416 486 4486 38
520 4432 576 4487 p.
615 4416 724 4489 646
735 4434 751 4487 3
808 4417 952 4473 Zon.
991 4436 1042 4490 9,
1081 4434 1167 4488 30.
1233 4451 1288 4459 —
1355 4417 1395 4488 ⁷)
1436 4417 1635 4490 δεσμοῖς
1672 4415 1913 4478 αἰωνίοις;
1971 4416 2200 4489 Ioseph.
2241 4416 2293 4470 b.
2333 4414 2373 4470 Ι.
2411 4415 2463 4485 6,
2513 4432 2565 4484 9,
2593 4431 2653 4484 ·4.
2699 4444 2755 4455 -
