3467 5350
1873 1422 1925 1499 I.

935 1652 1196 1720 Bellum
1261 1652 1559 1739 antiquis
1610 1652 1976 1720 videbatur
2036 1677 2312 1723 sacrum
2380 1679 2536 1724 esse
2605 1669 2813 1744 atque
2882 1679 2921 1723 a
2968 1656 3077 1725 dis

718 1759 886 1850 ipsis
953 1759 1353 1828 institutum.
1452 1759 1689 1848 ltaque
1758 1759 1862 1828 ius
1909 1761 2062 1828 belli
2113 1775 2260 1829 erat
2309 1786 2470 1852 pars
2523 1764 2862 1853 quaedam
2911 1763 3076 1832 iuris

718 1867 916 1935 sacri.
1011 1866 1144 1935 Dei
1211 1877 1371 1934 sunt
1434 1880 1746 1935 rectores
1796 1868 2098 1936 omnium
2153 1871 2509 1953 bellorum,
2579 1871 2689 1938 dei
2737 1872 3076 1960 praebent

718 1974 1078 2042 victoriam
1129 1975 1506 2062 cladesque
1555 1976 1642 2042 ab
1691 1974 1797 2042 his
1847 1975 2164 2044 homines
2214 1977 2563 2065 religionis
2615 1979 3073 2066 neglegentes

719 2081 1078 2172 accipiunt.
1175 2082 1378 2167 Quae
1451 2105 1604 2149 cum
1672 2082 1763 2149 ita
1830 2083 1983 2163 sint,
2036 2106 2324 2152 necesse
2373 2096 2499 2166 est,
2571 2107 2724 2152 cum
2777 2084 3069 2174 primum

722 2192 791 2256 in
864 2189 1115 2257 bellum
1188 2189 1341 2269 itur,
1415 2190 1705 2257 deorum
1781 2190 2102 2259 voluntas
2180 2193 2596 2266 concilietur.
2718 2191 3070 2282 Auspicia,

720 2298 1038 2387 prodigia
1109 2296 1625 2386 religiosissime
1698 2298 2182 2366 observantur.
2279 2299 2501 2366 Arma
2573 2323 2724 2367 cum
2797 2300 3075 2390 capiunt

719 2404 1035 2472 homines
1085 2404 1363 2492 antiqui,
1416 2404 1521 2472 dis
1560 2403 1971 2486 immolatur,
2022 2407 2426 2473 sacerdotes
2461 2407 2784 2495 precibus
2816 2408 3072 2474 adeunt

719 2513 914 2593 deOS,
988 2512 1261 2600 templa,
1335 2512 1662 2601 pecunias
1732 2512 2085 2599 multaque
2154 2511 2281 2580 alia
2344 2514 2651 2581 devovet
2699 2514 3075 2604 imperator

721 2619 942 2686 Marte
989 2619 1363 2700 saeviente,
1437 2619 1616 2686 bello
1667 2617 1983 2686 confecto
2032 2618 2570 2710 supplicationes
2617 2622 3071 2690 celebrantur.

722 2725 950 2808 Quam
1002 2727 1092 2793 ob
1142 2748 1288 2793 rem
1337 2721 1698 2793 Romanos
1748 2750 1801 2793 s‹
1832 2722 2325 2816 mper'auxilio
2376 2728 2667 2795 deorum
2717 2730 3075 2797 manifeste

719 2855 876 2900 esse
941 2831 1216 2900 adiutos
1282 2832 1665 2921 Dionysius
1736 2833 1885 2905 llal.
1938 2834 2165 2923 prodit
2227 2834 2602 2902 memoriae
2626 2841 2710 2917 1):
2801 2841 3073 2902 ἁπάντων

720 2943 826 3029 γάρ
885 2942 1078 3004 αὐτῶν
1134 2941 1464 3026 (πολέμων)
1532 2944 1648 3016 τοὶς
1714 2944 1911 3029 ἀρχάς
1974 2944 2066 3006 καὶ
2115 2946 2230 3017 τοὶς
2280 2944 2589 3018 ὑποθέσεις
2637 2944 3074 3028 εὐσεβεστάτας

720 3053 1079 3136 φανήσονται
1128 3056 1505 3134 ποιησάμενοι
1553 3051 1647 3113 καὶ
1694 3051 1785 3113 διά
1832 3057 2003 3114 τοῦτο
2055 3053 2311 3134 μάλιστα
2351 3051 2497 3126 τοὺς
2525 3051 2711 3126 θεοὺς
2743 3054 3073 3141 ἐσχηκότες

720 3158 779 3220 ἐν
829 3166 959 3230 τοῖς
1005 3158 1288 3232 κινδύνοις
1335 3160 1623 3241 εὐμενεῖς.

936 3262 1085 3330 Hac
1148 3263 1412 3331 ratione
1480 3264 1695 3332 hostis
1760 3266 1939 3333 bello
2004 3265 2318 3333 devictus
2384 3267 2568 3356 quod
2635 3265 2859 3333 omnis
2908 3264 3071 3332 iuris

720 3393 973 3458 expers
1036 3370 1265 3452 fiebat,
1342 3370 1582 3438 mirum
1649 3395 1788 3439 non
1856 3385 1979 3439 est.
2095 3372 2158 3440 Is
2224 3395 2454 3439 nonne
2511 3371 2836 3457 indignus
2903 3382 3068 3449 erat,

721 3477 828 3544 cui
886 3490 1306 3566 parceretur,
1369 3500 1572 3565 quem
1634 3479 1743 3545 dei
1799 3478 1926 3568 ipsi
1983 3479 2073 3545 ita
2126 3478 2457 3553 odissent,
2517 3490 2591 3543 ut
2646 3477 2710 3543 in
2769 3476 3066 3543 hostium

719 3596 1131 3673 potestatem
1197 3584 1551 3651 iacerent?
1643 3585 1853 3669 Quod
1907 3606 2060 3650 cum
2113 3605 2486 3672 numquam
2536 3582 3066 3669 neglexerimuS,

721 3691 904 3757 haud
981 3712 1139 3757 raro
1214 3690 1654 3758 crudelitates
1728 3692 2061 3781 quasdam
2139 3690 2201 3757 in
2275 3689 2589 3756 devictos
2661 3688 3069 3756 commissas

718 3796 980 3864 facilius
1014 3797 1514 3885 intellegemus,
1593 3797 1830 3866 Hostis
1862 3810 2104 3887 captus
2137 3820 2305 3864 sane
2340 3796 2593 3884 dignus
2628 3808 2777 3863 erat
2808 3816 3067 3884 poena:

720 3904 890 3971 haec
939 3915 1089 3972 erat
1139 3904 1428 3972 deorum
1482 3905 1825 3972 voluntas.
1925 3903 2189 3973 Contra
2248 3905 2430 3993 apud
2485 3925 2611 3971 nos
2662 3902 2843 3973 bello
2892 3899 3071 3990 capti

720 4035 856 4079 non
928 4012 1325 4102 puniuntur,
1396 4012 1519 4079 sed
1589 4012 2091 4093 custodiuntur,
2166 4034 2306 4100 quo
2373 4009 2689 4078 hostibus
2738 4019 3072 4075 noceatur

721 4120 969 4208 visque
1017 4142 1367 4187 armorum
1419 4118 1920 4209 diminuatur2).
2014 4119 2157 4189 Sed
2209 4118 2317 4185 dei
2365 4116 2639 4207 propitii
2702 4137 2838 4182 non
2889 4127 3068 4196 sunt,

937 4334 975 4402 ¹)
1033 4353 1083 4404 2,
1123 4353 1208 4405 72.
1277 4321 1283 4332 ⁷

934 4423 975 4492 ²)
1031 4424 1099 4479 cf.
1137 4424 1372 4480 Lueder
1409 4444 1465 4498 p.
1505 4443 1626 4497 433.
