3467 5350
1355 582 1799 653 ,53-

401 761 661 830 munita
719 783 833 830 res
898 760 1171 851 publica
1228 772 1472 829 contra
1544 758 1872 828 finitimos
1919 759 2068 830 sine
2117 761 2328 830 dubio
2378 761 2592 829 multo
2640 784 2757 852 po·

400 867 735 937 tentiores
794 881 1164 958 pugnaret,
1228 890 1353 935 eos
1404 889 1544 935 non
1592 866 1908 936 saevisse
1955 867 2021 936 in
2071 869 2313 937 hostes
2360 880 2753 959 superatOS,

401 976 528 1045 sed
591 998 799 1065 quam
864 975 1162 1044 maxime
1224 974 1324 1044 eis
1386 974 1785 1066 pepercisse
1852 987 2059 1063 atque
2123 976 2450 1045 societate
2515 997 2752 1044 secum

403 1082 846 1153 coniunxisse
869 1087 936 1167 ¹).

617 1190 933 1280 Inprimis
969 1189 1192 1260 Latini
1226 1190 1528 1279 benigne
1560 1189 1829 1258 tractati
1864 1202 2025 1259 sunt
2058 1213 2099 1259 a
2129 1189 2486 1260 Romanis.
2564 1190 2751 1277 Quin

403 1297 604 1367 etiam
653 1320 808 1366 cum
859 1297 1049 1366 multi
1081 1297 1329 1381 Latini,
1377 1320 1800 1388 quamquam
1848 1298 2181 1367 societate
2226 1298 2482 1367 violata
2529 1321 2570 1366 a
2615 1298 2754 1367 Ro-

402 1405 622 1474 manis
653 1405 1050 1474 defecerant
1079 1417 1287 1495 atque
1318 1427 1432 1473 res
1460 1403 2004 1494 Tarquiniorum
2036 1405 2464 1489 adiuverant,
2514 1425 2752 1495 pugna

403 1512 589 1602 apud
635 1513 858 1580 lacum
893 1512 1240 1600 Regillum
1292 1511 1663 1581 commissa
1709 1511 1778 1580 in
1826 1524 2243 1602 potestatem
2270 1512 2749 1581 Romanorum

405 1620 776 1703 venissent,
830 1619 894 1687 hi
927 1619 1071 1688 irae
1112 1619 1298 1688 obliti
1347 1642 1483 1688 non
1535 1620 1749 1688 modo
1798 1619 2111 1710 captivos
2159 1619 2461 1709 benigne
2512 1631 2750 1689 tracta-

405 1739 671 1811 verunt,
720 1728 849 1796 sed
886 1726 1087 1795 etiam
1122 1738 1371 1816 postea
1404 1726 1689 1795 domum
1722 1726 2221 1811 remiserunt2).
2271 1727 2510 1817 Atque
2543 1749 2751 1817 quarn

402 1833 820 1903 familiariter
856 1833 1114 1903 domini
1176 1834 1282 1903 usi
1345 1834 1480 1903 sint
1528 1833 1837 1925 captivis,
1888 1820 2426 1903 luculentissime
2473 1835 2751 1903 demon-

399 1953 660 2010 stratur
684 1941 790 2010 his
823 1941 976 2010 Livi
1012 1941 1342 2025 verbis³):
1393 1941 1616 2009 Latini
1652 1948 1967 2030 pergunt
2002 1945 2224 2009 domos
2270 1966 2519 2018 eorum,
2568 1945 2760 2030 apud

403 2073 599 2137 quem
634 2052 914 2137 quisque
957 2052 1352 2125 servierant,
1393 2051 1659 2136 gratias
1703 2056 1929 2136 agunt
1967 2051 2331 2116 liberaliter
2373 2050 2592 2115 habiti
2614 2052 2751 2116 cul-

401 2159 586 2244 tique
630 2159 703 2222 in
753 2159 1131 2224 calamitate
1173 2181 1301 2223 sua
1314 2183 1344 2230 ,·
1395 2158 1555 2222 inde
1601 2159 1886 2244 hospitia
1933 2159 2248 2245 iungunt.

614 2264 1012 2332 Mutabatur
1076 2264 1249 2332 haec
1296 2262 1472 2332 ratio
1519 2264 1677 2331 belli
1726 2263 2017 2353 gerendi
2067 2286 2152 2332 eo
2201 2275 2534 2353 tempore,
2606 2286 2747 2352 quo

400 2393 607 2439 nemo
640 2369 1082 2440 finitimorum
1128 2393 1255 2461 par
1285 2383 1434 2439 erat
1465 2372 1725 2462 populo
1759 2371 2081 2439 Romano
2114 2393 2343 2459 neque
2378 2370 2745 2460 quisquam

400 2476 874 2569 principatum,
915 2478 1079 2567 quin
1111 2479 1452 2546 haberent
1479 2477 1797 2561 Romani,
1834 2478 2152 2547 dubitare
2189 2478 2510 2547 audebat.
2549 2477 2747 2547 Haec

399 2596 506 2652 est
554 2597 745 2654 aetas
798 2584 993 2674 quasi
1044 2585 1417 2654 crescentis
1465 2585 1903 2668 crudelitatiS,
1970 2608 2108 2675 qua
2157 2584 2468 2654 civitates
2516 2583 2746 2653 Italiae

398 2691 529 2761 sub
559 2692 1039 2762 Romanorum
1086 2705 1499 2784 potestatem
1550 2693 2068 2782 redigebantur.
2166 2693 2446 2777 Nescio,
2496 2716 2581 2762 an
2631 2716 2746 2761 un-

399 2822 606 2888 quam
654 2800 721 2868 in
755 2800 947 2870 bellis
981 2824 1135 2870 cum
1169 2801 1424 2870 exteris
1454 2800 1847 2870 nationibus
1880 2801 2097 2889 gestis
2130 2812 2318 2869 tanta
2351 2799 2747 2892 apparuerit

398 2908 767 2977 crudelitas
799 2909 1248 2998 saevitiaque,
1298 2921 1624 3000 quantam
1661 2909 1980 2978 usitatam
2013 2908 2335 2978 videmus
2382 2908 2446 2977 in
2496 2921 2746 2998 gentes

397 3015 627 3084 Italiae
646 3016 1097 3106 subigendas,
1180 3015 1325 3086 Sed
1360 3017 1494 3085 hoc
1530 3039 1745 3084 unum
1776 3015 2045 3085 silentio
2073 3038 2213 3083 non
2246 3016 2743 3084 transeundum

396 3146 554 3192 esse
602 3136 768 3213 puto
802 3124 1139 3192 Romanis
1188 3124 1580 3193 bellandum
1615 3123 1829 3192 fuisse
1864 3146 2016 3192 cum
2053 3122 2393 3206 hostibuS,
2444 3122 2559 3211 qui
2598 3144 2740 3191 sae-

395 3230 547 3320 pius
583 3243 792 3321 atque
824 3231 1068 3300 iterum
1096 3230 1529 3313 deficiebant,
1571 3231 1686 3319 qui
1714 3253 1995 3320 semper
2026 3229 2179 3298 urbi
2213 3229 2340 3319 ipsi
2371 3229 2740 3320 perniciem

396 3335 900 3421 minitabantur,
951 3338 1088 3427 qui,
1139 3360 1293 3407 cum
1331 3338 1679 3407 discordia
1709 3337 1887 3406 inter
1917 3349 2153 3428 patres
2188 3350 2257 3405 et
2287 3337 2559 3427 plebem
2595 3359 2742 3406 sae·

393 3442 625 3512 viente
650 3444 903 3513 tribuni
941 3445 1180 3535 plebis,
1230 3445 1358 3513 nisi
1391 3445 1699 3514 honores
1731 3446 2075 3534 quosdam
2125 3457 2360 3534 patres
2409 3445 2742 3514 concede-

395 3562 548 3618 rent
574 3551 860 3639 plebeiS,
892 3551 1213 3620 dilectum
1244 3552 1482 3621 haberi
1510 3564 1846 3635 vetarent,
1890 3551 2181 3621 salutem
2210 3552 2306 3620 rei
2331 3551 2648 3641 publicae
2673 3552 2742 3621 in

392 3680 738 3726 summum
778 3660 1126 3727 vocabant
1159 3659 1549 3728 discrimen.
1642 3658 1912 3728 Tamen
1944 3658 2128 3728 laudi
2161 3659 2599 3729 tribuendum
2636 3671 2742 3729 est

393 3764 748 3849 Romanis,
800 3767 991 3855 quod
1022 3766 1223 3835 etiam
1260 3767 1367 3838 his
1397 3768 1925 3858 tempestatibus
1956 3790 2096 3836 non
2124 3767 2396 3836 saevire
2421 3767 2740 3836 solebant

393 3872 460 3941 in
488 3872 986 3943 multitudinem
1013 3873 1384 3959 innoxiam,
1435 3876 1563 3945 sed
1590 3898 1677 3944 eo
1704 3875 2052 3944 crudelius
2092 3876 2241 3944 iure
2282 3874 2560 3964 quidem
2606 3875 2737 3948 ani·

393 3979 908 4050 madverterent
937 3980 1002 4048 in
1037 3989 1343 4049 auctores
1370 3985 1778 4049 seditionum
1810 3985 1922 4050 vel
1947 3985 2398 4070 defectionum
2432 3994 2548 4050 aut
2579 3992 2738 4070 rup-

392 4093 565 4154 tores
612 4091 1038 4155 indutiarum
1084 4092 1198 4155 vel
1209 4092 1592 4177 foederum.
1684 4089 1924 4179 ltaque
1950 4088 2269 4173 Romani,
2320 4110 2474 4158 curn
2526 4089 2736 4158 noxio

608 4252 650 4321 ¹)
691 4252 759 4308 cf.
789 4252 905 4310 Cic.
933 4253 1028 4309 off.
1072 4270 1117 4324 1,
1156 4270 1255 4325 355
1293 4254 1369 4309 de
1407 4271 1530 4326 rep.
1569 4271 1619 4324 2,
1662 4268 1758 4324 135
1796 4253 1945 4309 Plut.
1972 4252 2144 4308 Rom.
2170 4270 2265 4322 205
2303 4251 2428 4309 Liv.
2471 4270 2517 4324 1,
2557 4270 2643 4324 30,
2673 4271 2736 4322 23

391 4357 438 4411 1,
480 4358 562 4412 11,
600 4358 661 4412 23
702 4358 750 4412 1,
787 4359 875 4413 33,
912 4359 974 4414 53
1011 4344 1063 4412 8,
1102 4359 1153 4412 3,
1195 4344 1291 4411 163
1330 4342 1499 4398 Dion.
1526 4342 1657 4397 Hal.
1684 4361 1736 4411 2,
1776 4358 1870 4414 553
1908 4345 1961 4412 6,
2004 4359 2099 4413 19;
2137 4341 2282 4398 Zon.
2310 4359 2359 4413 7,
2398 4358 2460 4412 35
2499 4359 2550 4413 7,
2587 4343 2638 4398 6.
2669 4374 2724 4383 -

391 4428 433 4500 ²)
472 4430 599 4486 Liv.
637 4449 688 4501 2,
725 4449 812 4502 22,
849 4448 901 4503 5.
965 4465 1021 4474 —
1084 4431 1126 4503 ⁸)
1165 4451 1216 4504 2,
1253 4449 1340 4504 22,
1379 4450 1430 4504 7.
