3467 5350
1756 536 2196 630 *36*

1019 734 1206 825 Quid
1256 736 1494 807 Livius
1561 737 1708 829 ipse
1757 738 1887 807 sibi
1932 738 2326 830 persuasit?
2414 740 2491 805 id
2531 740 2747 827 magis
2792 738 3150 806 vertis-imile

805 855 908 913 est
952 870 1152 934 quam
1201 848 1456 912 deditos
1501 849 1762 913 venzlrse
1782 849 1848 935 ¹).

1021 953 1267 1043 Neque
1300 952 1649 1036 miramur,
1698 953 1889 1042 quod
1929 954 2145 1023 duces
2171 953 2472 1023 Romani
2501 953 2944 1038 deditionem,
2997 976 3149 1023 cum

805 1084 1077 1132 summa
1125 1061 1404 1130 demum
1457 1061 1847 1130 offensione
1898 1061 2439 1152 oppugnationis
2490 1063 2576 1131 ab
2634 1061 2874 1131 incolis
2933 1062 3155 1144 fieret,

806 1193 945 1239 non
1017 1181 1436 1259 acceperunt
1457 1172 1529 1255 ²).
1625 1167 1839 1255 Quod
1913 1168 2180 1239 Caesar
2250 1169 2665 1239 Uxelloduni
2743 1169 2984 1239 incolis
3067 1168 3154 1237 ad

805 1275 1225 1346 deditionem
1284 1274 1541 1346 coactis
1592 1298 1837 1345 manus
1884 1276 2234 1367 praecidit,
2282 1276 2558 1345 infanda
2606 1289 2711 1346 est
2759 1276 3155 1359 crudelitaS,

805 1384 1124 1475 quamvis
1158 1383 1428 1453 Caesar
1459 1383 1779 1453 conferre
1811 1397 2103 1453 conetur
2143 1406 2411 1468 causaS,
2461 1385 2714 1472 quibus
2763 1397 3160 1453 commotus

806 1492 1113 1583 reliquos
1139 1492 1599 1560 deterrendos
1625 1492 1947 1582 exemplo
1973 1492 2283 1581 supplicii
2310 1491 2808 1561 existimaverit
2825 1495 2896 1578 ⁸).
2963 1492 3160 1560 Idem

802 1599 1067 1669 facinus
1112 1602 1311 1667 etiam
1350 1602 1610 1666 ultimis
1656 1602 1955 1667 barbaris·
1983 1602 2319 1688 Scythiae,
2369 1625 2506 1666 non
2557 1603 2773 1666 dicam
2802 1604 3164 1666 Romanae

803 1710 996 1797 fidei
1037 1716 1105 1775 et
1146 1709 1596 1774 moderationi
1635 1711 2040 1775 exsecrabile
2109 1707 2551 1778 commiserat
2598 1709 2856 1777 Fabius
2914 1706 3166 1777 consul

804 1816 985 1884 bello
1032 1815 1409 1884 Viriathico
1431 1818 1499 1900 ⁴).
1609 1811 1980 1885 Deditione
2033 1815 2165 1883 iam
2231 1828 2517 1906 accepta
2577 1816 2793 1885 duces
2854 1813 3165 1884 Romani

805 1923 992 1992 haud
1042 1946 1203 1992 raro
1252 1923 1602 1992 calcarunt
1650 1922 1858 1992 fidem
1908 1923 2138 1993 datam
2155 1924 2225 2013 ⁵).

1019 2029 1165 2100 Sed
1214 2052 1352 2098 non
1402 2031 1655 2099 desunt
1701 2032 2104 2101 clementiae
2152 2044 2221 2101 et
2266 2031 2707 2102 humanitatis
2751 2032 3164 2121 exemp120).

806 2137 1165 2208 Summam
1233 2137 1582 2227 quandam
1647 2137 2070 2208 crudelitatis
2135 2139 2339 2208 etiam
2402 2140 2531 2208 hac
2580 2140 2648 2208 in
2695 2162 2773 2208 re
2819 2140 3167 2231 praebent

805 2245 988 2314 bella
1054 2244 1294 2314 civilia.
1405 2244 1599 2314 Sulla
1666 2268 1805 2314 non
1874 2246 2215 2315 dubitavit
2278 2246 2553 2316 deditos
2620 2259 2860 2316 contra
2920 2246 3029 2315 fas
3098 2256 3168 2313 et

805 2352 1016 2423 fidem
1078 2353 1310 2422 datam
1364 2352 1664 2422 inermes
1729 2353 2076 2422 trucidare
2098 2359 2164 2439 7).
2258 2354 2634 2444 Pompeius
2688 2376 2976 2442 quoque
3019 2376 3164 2424 non

806 2460 956 2529 sine
1004 2461 1206 2548 gravi
1254 2460 1535 2528 crimine
1584 2460 1862 2530 deditos
1905 2460 2242 2531 interfecit
2261 2465 2332 2545 ⁸).

1023 2566 1298 2651 Omnia,
1350 2589 1528 2656 quae
1579 2568 1669 2636 de
1716 2567 2068 2637 deditione
2116 2567 2593 2657 exposuimus,
2644 2588 2798 2634 cum
2850 2568 3169 2638 breviter

807 2674 1503 2767 comprehendamus,
1552 2674 1701 2745 iure
1749 2678 2054 2765 quodam
2103 2674 2376 2744 Livium
2426 2674 2659 2744 dicere
2706 2673 3019 2766 potuisse
3072 2677 3168 2746 in-

805 2783 1118 2854 venimus
1137 2787 1222 2867 ⁹):
1272 2808 1411 2849 mos
1457 2791 1764 2850 vetustus
1811 2790 1961 2850 erat
1997 2785 2347 2859 Romanae,
2400 2808 2551 2850 cum
2579 2808 2707 2871 quo
2738 2808 2863 2850 nec
2869 2787 3168 2872 foedere

804 2916 928 2958 nec
990 2894 1223 2979 aequis*
1284 2892 1542 2978 legibus
1588 2893 1994 2979 iungeretur
2037 2893 2352 2967 amicitia,
2426 2915 2564 2958 non
2613 2894 2817 2979 prius
2880 2894 3165 2980 imperio

805 3000 878 3065 in
942 3023 1094 3065 eum
1159 3006 1503 3087 tamquam
1554 3006 1879 3086 pacatum
1927 3002 2051 3075 uti,
2118 3024 2320 3087 quam
2363 3002 2590 3066 onmia
2638 3002 2872 3065 divina
2918 3002 3162 3065 huma-

804 3131 1030 3195 naque
1062 3108 1367 3181 dedisset,
1413 3108 1667 3173 obsides
1712 3109 1984 3195 accepti,
2033 3131 2227 3173 arma
2273 3110 2606 3195 adempta,
2646 3109 2993 3195 praesidia
3039 3130 3160 3173 ur-

812 3216 997 3282 bibus
1041 3216 1329 3302 inposz'ta
1350 3217 1610 3303 forent.

1024 3320 1559 3411 Ignominiosior
1582 3333 1659 3390 ut
1686 3322 2099 3391 redderetur
2125 3322 2381 3391 deditio
2415 3335 2624 3412 atque
2653 3323 3161 3412 exprimeretur

805 3429 1159 3499 consessio
1204 3431 1563 3498 subactam
1612 3430 2086 3520 domitamque
2133 3453 2293 3499 esse
2340 3442 2621 3519 gentem
2643 3435 2744 3513 ¹⁰),
2807 3428 3155 3498 exercitus

1023 3611 1064 3679 ¹)
1104 3608 1232 3664 Liv.
1271 3628 1322 3681 7,
1360 3626 1446 3682 27,
1484 3611 1536 3665 8.

1019 3698 1062 3768 ²)
1104 3698 1289 3754 Tacit.
1330 3717 1462 3754 ann.
1505 3717 1591 3769 12,
1631 3717 1714 3771 17.

1019 3787 1063 3858 ⁸)
1103 3787 1273 3843 CaeS.
1313 3789 1367 3843 b.
1409 3789 1478 3844 G.
1516 3791 1568 3859 8,
1606 3807 1702 3858 443
1744 3789 1917 3844 Oros,
1954 3791 2007 3859 6,
2051 3807 2134 3860 11,
2172 3790 2352 3860 28129.

1017 3877 1064 3947 ⁴)
1105 3877 1278 3932 Oros
1317 3895 1368 3949 5,
1405 3897 1457 3948 4,
1498 3896 1582 3933 12.

1019 3966 1063 4037 ⁸)
1103 3967 1273 4023 Diod.
1314 3967 1422 4040 frg.
1460 3986 1549 4039 32,
1591 3969 1682 4038 18;
1723 3969 1897 4025 Oros.
1935 3986 1987 4040 5,
2026 3987 2113 4040 21,
2155 3987 2238 4024 10.

1017 4056 1061 4126 ⁶)
1099 4057 1226 4112 Liv.
1254 4075 1340 4129 27,
1381 4074 1465 4128 15,
1508 4076 1563 4127 1;
1601 4076 1690 4128 34,
1727 4076 1816 4128 21,
1854 4075 1913 4130 53
1951 4076 2039 4129 43,
2072 4076 2119 4129 1,
2148 4059 2263 4129 2l3;
2303 4058 2658 4115 Antiochus:
2695 4057 2824 4114 Liv.
2850 4058 2938 4130 36,
2975 4076 3027 4129 9,
3070 4074 3152 4129 15.

1020 4146 1060 4216 ⁷)
1100 4147 1145 4202 F
1150 4148 1254 4202 lor.
1293 4165 1346 4218 3,
1383 4166 1470 4218 21,
1508 4165 1604 4218 243
1646 4148 1820 4203 Oros
1861 4165 1910 4220 5,
1949 4166 2036 4218 21,
2080 4166 2135 4218 13
2173 4149 2323 4204 Plut.
2362 4149 2502 4204 Sull.
2540 4167 2629 4220 30,
2666 4167 2717 4220 3.

1020 4235 1063 4306 ⁸)
1104 4237 1253 4292 Plut.
1292 4238 1500 4309 Pomp.
1543 4238 1627 4307 16,
1665 4255 1717 4309 3.

1018 4326 1066 4395 9)
1105 4327 1193 4396 28,
1229 4345 1317 4398 34,
1357 4346 1407 4400 7·

998 4411 1064 4488 ¹⁰)
1102 4415 1231 4471 Liv.
1269 4434 1321 4488 3,
1359 4417 1446 4488 28,
1488 4435 1572 4473 10.
