3467 5350
1370 636 1863 717 *113*-

443 844 605 894 dato.
634 867 700 876 —
729 823 815 891 ὅτι
862 827 891 890 ὁ
940 826 1169 912 Φάβιος
1216 824 1362 902 τοὺς
1409 829 1664 901 πολίτας
1724 824 2027 901 <τοὺς>
2086 828 2148 892 ἐν
2195 836 2333 902 ταῖς
2379 822 2509 918 πρὶν
2572 826 2797 918 μάχαις

447 936 882 1023 ζωγρηθέντας
944 932 1092 1009 τοὺς
1150 934 1254 1018 μὲν
1300 937 1482 1023 ἄνδρα
1547 934 1674 1000 ἀντ’
1725 935 1941 1023 ἀνδρὸς
2006 936 2338 1019 ἐκομίσατο,
2404 935 2551 1011 τοὺς
2597 936 2659 1001 δὲ
2706 939 2800 1002 καὶ

440 1048 766 1131 χρημάτων
814 1042 1210 1106 ἀπολύσασὸαι
1258 1044 1634 1124 συνέθετοῑ),

656 1164 1083 1255 Saepissime
1148 1165 1342 1233 bellis
1396 1164 1673 1233 Punicis
1738 1166 1963 1255 primo
2024 1178 2089 1235 et
2152 1167 2463 1235 secundo
2531 1190 2799 1258 permu-

444 1273 738 1342 tationes
818 1270 1033 1342 factas
1114 1295 1272 1341 esse
1343 1271 1662 1341 videmus
1683 1276 1753 1358 2).
1881 1273 2218 1363 Campani
2289 1297 2446 1342 curn
2518 1275 2799 1344 defecis-

445 1394 601 1450 sent
662 1379 749 1448 ad
810 1379 1289 1462 Hannibalem,
1349 1380 1902 1469 postulaverunt,
1966 1393 2040 1449 ut
2098 1392 2450 1450 trecentos
2513 1405 2602 1450 ex
2662 1382 2798 1449 Ro-

446 1485 665 1556 manis
741 1485 1029 1577 captivis
1098 1486 1375 1554 Poenus
1451 1485 1578 1555 sibi
1650 1486 1868 1568 daret,
1949 1509 2130 1575 quos
2197 1488 2327 1577 ipsi
2399 1488 2796 1576 elegissent,

447 1617 605 1662 curn
655 1593 905 1683 quibus
953 1593 1262 1682 equiturn
1315 1593 1854 1684 Campanorum,
1906 1593 2022 1681 qui
2069 1593 2133 1662 in
2185 1594 2414 1664 Sicilia
2461 1594 2800 1685 stipendia

445 1701 770 1783 facerent,
850 1699 1265 1790 permutatio
1328 1700 1547 1768 fieret.
1657 1698 1798 1785 Qui
1865 1700 2133 1788 equites
2194 1714 2422 1770 utrum
2488 1724 2565 1770 re
2629 1725 2802 1770 vera

447 1806 815 1899 permutati
871 1807 1009 1876 sint
1057 1829 1294 1888 necne,
1360 1807 1768 1894 ignoramus
1787 1808 1854 1896 3).
1948 1806 2034 1876 Et
2081 1808 2329 1897 singuli
2378 1810 2605 1878 statim
2652 1832 2800 1900 per-

449 1917 907 1985 mutabantur.
1001 1913 1259 1982 Hanno
1307 1914 1589 1983 Poenus
1637 1937 1678 1982 a
1725 1914 2095 1983 Masinissa
2165 1927 2409 2006 captus
2471 1916 2800 2007 Scipione

446 2023 723 2092 iubente
808 2035 1050 2091 contra
1113 2021 1521 2091 Masinissae
1599 2033 1913 2103 matrem,
2002 2045 2180 2114 quae
2243 2023 2307 2092 in
2379 2036 2796 2114 potestatem

452 2128 911 2198 Hasdrubalis
935 2141 1247 2211 venerat,
1273 2141 1704 2218 permutatus
1733 2151 1892 2197 esse
1918 2128 2246 2213 dicitur⁴).
2309 2130 2425 2199 Ad
2454 2130 2799 2219 Pyrrhum

449 2260 733 2326 quoque
779 2247 1064 2305 senatus
1111 2235 1348 2327 populi
1391 2235 1690 2305 Romani
1734 2236 2008 2324 legatos
2057 2235 2326 2305 mittere
2373 2237 2560 2306 haud
2609 2237 2800 2306 dubi-

448 2343 638 2423 tavit,
690 2343 806 2431 qui
845 2343 931 2411 ab
967 2366 1052 2411 eo
1100 2354 1437 2433 peterent,
1486 2366 1574 2412 ne
1623 2344 1937 2434 captivos
1986 2367 2025 2412 a
2072 2366 2151 2412 se
2198 2344 2441 2413 redimi
2488 2356 2796 2433 negaret,

449 2451 600 2519 sive
633 2473 932 2541 corpora
967 2449 1379 2540 corporibus
1410 2463 1810 2539 permutare
1845 2451 1995 2520 sive
2028 2463 2290 2520 certum
2334 2475 2463 2542 pro
2510 2452 2800 2540 singulis

447 2558 927 2648 praescribere
967 2558 1259 2648 pretium
1300 2558 1502 2626 vellet
1519 2563 1589 2642 ὃ).
1685 2558 1934 2648 Neque
1980 2560 2173 2628 bellis
2223 2560 2654 2650 temporibus
2702 2582 2801 2628 re·

447 2665 653 2735 motis
702 2688 857 2735 cum
905 2664 1166 2735 Latinis
1199 2678 1267 2735 et
1299 2664 1571 2755 Aequis
1618 2666 1838 2755 gestis
1873 2666 2167 2736 Romani
2217 2667 2796 2758 permutationem

446 2773 775 2853 videntur
819 2773 1175 2864 sprevisse
1193 2777 1263 2858 ⁶).

666 2899 827 2985 Quo
889 2898 1114 2987 magis
1178 2899 1338 2967 mihi
1402 2899 1683 2988 quidem
1747 2900 1991 2969 mirum
2056 2900 2349 2984 videtur,
2416 2902 2605 2990 quod
2665 2901 2800 2970 Ro·

451 3005 634 3073 mani
702 3017 979 3096 praeter
1057 3006 1631 3078 consuetudinem
1703 3007 1767 3075 in
1835 3030 2109 3076 summo
2180 3008 2572 3077 discrimine
2643 3008 2799 3077 belli

408 3102 411 3107 ’
448 3112 688 3181 Punici
739 3112 1026 3181 secundi
1057 3135 1295 3203 pugna
1329 3114 1515 3204 apud
1551 3112 1835 3182 Cannas
1870 3114 2244 3184 commissa
2276 3129 2797 3199 recusaverunt,

450 3241 536 3287 ne
583 3219 995 3308 permutatio
1045 3231 1404 3310 captorum
1455 3220 1543 3288 ab
1593 3220 1983 3290 Hannibale
2031 3221 2183 3312 ipso
2232 3222 2468 3291 oblata
2515 3223 2796 3308 fieret7).

450 3325 643 3412 Quid
707 3325 928 3395 dicam
993 3327 1081 3394 de
1145 3326 1357 3395 Atilio
1403 3328 1704 3416 Regulo,
1773 3351 1978 3418 quern
2029 3342 2301 3419 captum
2353 3353 2391 3397 a
2443 3329 2798 3418 Carthagi·

452 3433 808 3502 niensibus
841 3433 1137 3502 Romam
1180 3435 1467 3503 missum
1504 3426 1820 3525 captivos
1852 3437 2290 3526 permutandi
2325 3459 2534 3506 causa
2568 3437 2797 3528 ipsum

667 3594 707 3665 ¹)
746 3595 856 3666 frg.
897 3612 981 3666 15,
1018 3612 1107 3668 57,
1144 3613 1215 3667 35
1228 3614 1244 3666 ς
1285 3595 1353 3652 cf.
1392 3596 1540 3652 Plut.
1580 3598 1721 3654 Fab.
1761 3597 1918 3653 Max.
1958 3617 2021 3672 73
2060 3601 2135 3655 de
2175 3599 2282 3656 vir.
2323 3600 2397 3657 ill.
2435 3619 2523 3672 43,
2562 3619 2612 3673 7.

666 3685 711 3755 ²)
751 3684 820 3740 cf.
859 3685 1005 3741 Zon.
1043 3688 1094 3755 8,
1136 3687 1220 3755 16,
1257 3688 1318 3742 6:
1374 3686 1489 3748 τοὺς
1539 3685 1584 3739 δ’
1623 3685 1971 3760 αἰχμαλώτους
2009 3688 2252 3763 ἀλλήλων
2289 3688 2444 3764 ἄνδρα
2480 3689 2583 3744 ἀντ’
2621 3688 2802 3764 ἀνδρὸς

449 3775 748 3848 ἠλλάξαντο·
791 3771 906 3834 τοὺς
944 3771 998 3826 δὲ
1046 3772 1264 3836 λοιποὺς.
1321 3771 1425 3828 ἐπεὶ
1481 3774 1549 3849 μὴ
1590 3776 1716 3850 ἦσαν
1759 3775 2065 3851 ἰσοπληθεῖς,
2108 3776 2341 3851 ἀργυρίου
2378 3776 2423 3832 οἱ
2462 3779 2803 3853 Καρχηδόνιοι

449 3862 747 3936 ἐκομίσαντο.
809 3862 973 3918 Cass·
1013 3863 1139 3919 Dio.
1183 3864 1290 3936 frg.
1332 3867 1417 3935 16,
1463 3883 1551 3937 57,
1601 3868 1700 3936 36:
1752 3862 1828 3919 ὅτι
1875 3863 1920 3919 οἱ
1958 3866 2198 3939 Ῥωμαῖοι
2243 3867 2681 3942 διεκηρυκεύσαντο
2729 3871 2804 3944 τῷ

447 3950 649 4025 Ἀννίβᾳ,
691 3949 1012 4004 ἀνταπόδοσιν
1047 3957 1148 4005 τῶν
1186 3951 1519 4025 αι’χμαλώτων
1556 3952 1808 4024 ἀξιοῦντες
1848 3954 2096 4027 γενέσθαι.
2171 3956 2240 4011 cf.
2278 3958 2422 4012 Zon.
2462 3975 2513 4028 9,
2551 3960 2603 4030 6,
2646 3976 2727 4013 11.

666 4039 711 4109 ⁸)
751 4041 875 4097 Liv.
913 4059 1000 4112 23,
1040 4059 1091 4114 7,
1130 4061 1181 4098 2.

665 4130 709 4198 ⁴}
749 4133 905 4203 App.
943 4130 1069 4187 Lib.
1112 4150 1179 4203 14
1191 4149 1207 4201 ;
1246 4130 1411 4187 Cass
1451 4132 1577 4188 Dio.
1618 4132 1725 4204 frg.
1768 4150 1851 4205 17,
1889 4150 1976 4206 57,
2015 4137 2114 4206 673
2152 4135 2296 4190 Zon.
2334 4153 2385 4206 9,
2429 4153 2509 4206 12,
2549 4137 2655 4208 4l5.

668 4219 711 4290 ⁸)
751 4220 920 4276 Dion.
961 4219 1094 4275 Hal.
1147 4220 1254 4292 frg.
1311 4239 1391 4292 19,
1446 4239 1537 4292 133
1604 4221 1763 4293 App.
1814 4222 2014 4278 Samn.
2066 4242 2147 4293 10,
2197 4241 2260 4294 3:
2323 4222 2601 4295 ἀντιλαβεῖν
2655 4223 2803 4286 ὅσους

449 4306 618 4380 ἔχουσι
653 4307 968 4382 Ταραντίνων
1003 4304 1081 4362 καὶ
1115 4315 1217 4362 τῶν
1254 4308 1427 4362 ἄλλων
1464 4311 1737 4383 συμμάχων
1775 4309 1940 4367 αὐτοῦ.

666 4397 709 4466 ⁶)
750 4398 917 4455 Dion.
956 4398 1089 4455 Hal.
1126 4417 1178 4470 3,
1216 4416 1287 4470 54
1299 4418 1314 4467 3
1357 4418 1438 4469 10,
1477 4419 1564 4472 24.

669 4487 710 4557 ⁷)
751 4487 897 4543 Gell.
936 4488 1004 4542 N.
1045 4487 1116 4543 A.
1152 4492 1205 4558 6,
1249 4491 1330 4560 18,
1368 4490 1420 4545 6.
