3467 5350
1339 598 1773 665 ...31-

597 792 686 861 Iu
702 814 753 880 g
771 815 811 860 u
834 815 867 860 r
887 805 914 861 t
932 794 971 859 h
993 814 1034 860 a
1079 793 1344 861 veritus
1378 816 1515 861 non
1553 805 1661 861 est
1688 793 2162 861 Adherbalem
2198 792 2476 862 fratrem
2504 817 2738 864 excru-

385 899 633 968 ciatum
684 900 1020 987 necare1).

598 1025 670 1093 M
686 1025 702 1093 i
720 1036 746 1092 t
762 1025 804 1093 h
822 1047 858 1091 r
874 1024 893 1093 i
910 1023 955 1091 d
978 1047 1018 1092 a
1035 1036 1061 1092 t
1080 1047 1119 1091 e
1135 1047 1170 1092 s
1219 1043 1392 1092 vero
1420 1023 1654 1112 Aquili
1686 1024 1755 1091 in
1785 1047 1867 1091 os
1894 1024 2217 1113 Pergami
2255 1048 2501 1094 aurum
2534 1026 2738 1116 lique·

383 1150 633 1218 factum
686 1149 1013 1234 infudit2).

598 1275 912 1344 Mutilare
979 1286 1189 1363 atque
1254 1275 1667 1343 detruncare
1719 1274 1921 1344 vivos
1986 1275 2302 1365 captivos
2361 1275 2511 1345 iure
2580 1276 2738 1346 belli

381 1383 635 1451 licitum
677 1405 815 1450 non
851 1394 974 1456 est.
1068 1381 1520 1472 Excipiuntur
1567 1381 1905 1472 perfugae
1953 1395 2020 1451 et
2066 1383 2564 1472 speculatores,
2617 1384 2733 1472 qui

381 1491 662 1580 saepius
698 1488 1013 1558 manibus
1046 1489 1286 1558 recisis
1320 1488 1930 1577 remittebantur-³).
1977 1493 1984 1500 “
2023 1488 2291 1558 Tamen
2342 1491 2543 1559 etiam
2579 1514 2730 1581 cap·

383 1596 538 1666 tivis
571 1619 817 1664 manus
851 1608 1240 1685 amputatas
1270 1619 1430 1665 esse
1463 1596 1949 1686 comperimuS,
2000 1597 2188 1684 quod
2236 1597 2442 1665 valde
2491 1611 2734 1667 contra

382 1704 955 1773 consuetudinem
1020 1715 1288 1793 pugnat
1310 1707 1381 1788 ⁴).
1477 1702 1619 1773 Sed
1686 1703 1821 1771 hoc
1886 1715 2025 1771 tam
2087 1726 2305 1773 saevo
2356 1728 2552 1772 more
2599 1706 2731 1774 Ro-

380 1810 565 1879 mani
624 1810 730 1879 usi
788 1822 948 1878 sunt
1007 1809 1071 1877 in
1138 1810 1379 1878 hostes
1444 1811 1784 1879 barbaros
1848 1811 2198 1900 ferosque,
2273 1810 2388 1901 qui
2433 1811 2552 1880 vix
2600 1812 2732 1880 alio

379 1917 594 1985 modo
630 1916 756 1985 nisi
787 1940 1060 1985 summa
1093 1916 1342 1985 duritia
1375 1928 1697 2006 poterant
1730 1916 2020 1985 domari.
2115 1918 2351 2005 Atque
2377 1917 2727 1988 interdum

290 2085 295 2090 .
378 2024 740 2092 Romanos
775 2036 911 2092 tam
963 2024 1166 2091 foede
1214 2036 1491 2113 praeter
1538 2024 1642 2092 ius
1691 2023 1850 2092 belli
1898 2025 1963 2091 in
2013 2025 2254 2093 hostes
2304 2024 2733 2094 animadver-

377 2130 545 2199 tisse
576 2131 1075 2220 intellegemuS,
1110 2154 1248 2199 non
1282 2130 1752 2220 ignoscemuS,
1789 2131 1845 2200 si
1875 2131 2439 2220 cognoverimuS,
2475 2145 2731 2222 quanta

375 2238 703 2307 foeditate
736 2240 823 2306 ab
873 2239 1189 2307 hostibus
1219 2239 1721 2322 Romanorum,
1774 2261 1911 2306 non
1963 2238 2277 2307 barbaris
2325 2251 2610 2326 tantum,
2661 2240 2727 2308 in

377 2359 624 2436 captos
672 2347 1014 2415 saevitum
1062 2346 1149 2416 sit
1165 2351 1236 2431 ὅ).

591 2468 988 2538 Thraces
1037 2493 1310 2539 summa
1357 2470 1757 2539 crudelitate
1825 2469 2355 2538 immolaverunt
2417 2470 2733 2540 homines

376 2588 588 2666 atque
634 2588 822 2644 tanta
870 2589 1067 2645 erant
1112 2576 1418 2656 saevitia,
1468 2590 1544 2647 ut
1590 2577 1714 2645 nisi
1750 2579 1894 2643 suis·
1940 2579 2231 2643 moribus
2279 2577 2541 2645 domari
2591 2600 2730 2645 non

376 2688 760 2774 possent⁶).
853 2684 1112 2753 Eorum
1164 2709 1306 2768 rex,
1359 2684 1698 2774 Diegylis,
1751 2708 1838 2753 ex
1887 2683 2177 2773 captivis
2228 2684 2727 2754 nobilissimum

376 2814 729 2881 quemque
776 2793 979 2861 novis
1028 2805 1237 2881 atque
1284 2792 1605 2862 inauditis
1653 2791 2009 2882 suppliciis
2066 2792 2309 2863 affecit.
2404 2793 2731 2862 Praecisa

374 2897 558 2966 enim
636 2899 929 2967 filiorum
1006 2899 1248 2988 capita,
1319 2922 1585 2982 manus,
1663 2900 1882 2987 pedes
1953 2922 2040 2966 ex
2111 2912 2471 2988 parentum
2550 2901 2729 2968 collo

373 3006 852 3095 suspendebat
919 3006 1204 3075 ferenda
1282 3008 1737 3094 virorumque
1808 3029 1887 3074 ac
1958 3006 2317 3073 mulierum
2416 3008 2730 3075 membra

375 3124 730 3201 amputata
790 3114 1259 3203 permutabat;
1327 3114 1695 3182 nonnullos
1764 3112 1965 3181 etiam
2015 3111 2329 3180 manibus
2379 3112 2728 3181 mutilatos

375 3219 772 3288 dissecabat
834 3243 958 3309 per
1017 3220 1283 3309 spinam
1352 3220 1563 3302 dorsi,
1627 3220 1970 3288 interdum
2043 3218 2352 3288 abscissa
2418 3204 2728 3287 membra

377 3326 600 3394 contis
648 3326 1082 3415 praefigebat
1103 3331 1173 3411 ⁷).

593 3450 657 3519 G
681 3473 720 3518 e
742 3473 778 3518 r
797 3473 863 3519 m
886 3474 927 3518 a
949 3475 988 3519 n
1012 3474 1056 3519 o
1080 3474 1115 3519 s
1163 3451 1486 3519 traditum
1524 3461 1631 3519 est
1664 3449 1880 3539 captis
1924 3449 2239 3518 hostibus
2289 3451 2531 3519 oculos
2566 3451 2730 3518 effo-

376 3557 584 3639 disse,
634 3580 878 3628 manus
912 3571 1333 3648 amputasse,
1382 3558 1656 3647 linguas
1707 3556 2095 3640 rescidisse,
2146 3580 2270 3625 ora
2319 3558 2727 3644 obsuisse8).

595 3737 636 3807 1)
675 3736 812 3793 Sall.
851 3737 971 3809 Iug.
1010 3738 1098 3806 26,
1135 3754 1188 3808 3.
1253 3769 1307 3777 —-
1374 3737 1416 3808 ²)
1457 3737 1715 3810 Appian.
1755 3737 1946 3793 Mithr.
1986 3756 2074 3792 21.

594 3825 636 3896 ⁸)
673 3825 802 3881 Liv.
822 3844 910 3897 22,
937 3844 1025 3897 33,
1055 3844 1115 3896 13
1153 3830 1241 3896 26,
1283 3844 1367 3897 12,
1409 3845 1477 3897 19
1489 3845 1503 3895 ;
1543 3827 1742 3882 Valer.
1780 3826 1937 3881 Max.
1958 3845 2009 3896 2,
2037 3844 2088 3898 7,
2131 3844 2226 3894 11;
2265 3826 2464 3882 Front.
2486 3835 2729 3898 strateg.

375 3934 428 3986 3,
471 3917 558 3982 16,
593 3934 655 3985 4;
722 3915 979 3988 Appian.
1019 3915 1212 3970 Hann.
1251 3933 1350 3987 43;
1416 3915 1585 3971 Num.
1624 3934 1686 3986 33
1753 3916 1897 3972 Zon.
1936 3933 1989 3985 9,
2032 3919 2086 3985 6,
2125 3932 2159 3986 5
2173 3933 2189 3983 ;
2245 3915 2483 3971 Vulcac.
2524 3915 2727 3972 Gallie.

377 4004 557 4061 Avid.
596 4003 760 4060 Cass,
800 4023 848 4061 e.
886 4025 937 4076 4.

591 4093 634 4163 ⁴)
675 4093 744 4149 cf·
783 4093 936 4151 Flor·
974 4112 1028 4166 3,
1065 4113 1117 4165 4,
1155 4112 1214 4167 7;
1272 4114 1323 4164 4,
1377 4112 1460 4164 12,
1510 4112 1610 4166 375
1667 4093 1834 4148 Cass·
1874 4093 2003 4149 Dio·
2042 4111 2131 4165 53,
2169 4110 2256 4164 29,
2294 4111 2356 4161 2;
2412 4111 2501 4165 51,
2539 4110 2628 4164 25,
2666 4114 2728 4165 45

377 4182 635 4254 Appian.
674 4183 865 4238 Mithr.
904 4201 1001 4255 295
1057 4184 1137 4239 Ib.
1175 4187 1275 4254 685
1312 4202 1414 4255 94:
1458 4183 1632 4239 Oros,
1671 4200 1722 4254 5,
1763 4203 1813 4255 4,
1856 4200 1924 4238 12
1936 4200 1952 4252 3
1988 4184 2042 4253 6,
2084 4201 2167 4252 11,
2207 4185 2397 4254 291303
2461 4182 2632 4238 CaeS.
2673 4185 2728 4238 b.

379 4270 449 4327 G.
486 4273 539 4340 8,
578 4290 664 4342 44,
712 4290 762 4327 2.

592 4361 634 4431 ⁶)
674 4361 744 4417 cf.
785 4363 936 4420 Flor.
975 4380 1028 4433 3,
1066 4381 1117 4433 4,
1155 4379 1189 4434 7
1203 4380 1218 4431 ;
1258 4380 1309 4433 4,
1351 4380 1434 4432 12,
1471 4380 1542 4434 37
1556 4381 1570 4432 ς
1611 4361 1777 4417 Cass,
1819 4361 1947 4416 Dio.
1986 4378 2074 4432 53,
2113 4380 2199 4432 29,
2238 4379 2289 4417 2.
2326 4427 2332 4433 ,

592 4451 636 4519 ⁶)
674 4453 720 4507 F
724 4452 829 4508 lor.
849 4471 900 4524 3,
921 4472 972 4523 4,
993 4470 1042 4525 7.
1102 4486 1157 4494 —
1218 4452 1258 4523 ⁷)
1288 4452 1459 4508 Diod.
1481 4452 1588 4524 frg.
1609 4469 1697 4523 33,
1723 4470 1788 4524 14
1802 4469 1817 4521 ;
1855 4469 1945 4522 33,
1969 4468 2051 4523 15.
2097 4484 2155 4492 —
2215 4451 2256 4524 ⁸)
2286 4452 2332 4506 F
2335 4452 2439 4507 lor.
2461 4468 2512 4520 4,
2537 4467 2620 4520 12,
2640 4468 2727 4522 37.
