3467 5350
1411 568 1893 644 *1²3⁸*

468 755 965 840 postliminium
1013 754 1228 826 habet,
1288 754 1653 819 rectissime
1698 754 1951 820 dicitur
1992 755 2193 821 etiam
2241 756 2309 820 ei
2334 747 2832 841 postliminium

480 884 637 935 esse,
685 862 939 925 scilicet
977 866 1061 924 ut
1090 862 1406 927 dominus
1437 862 1510 925 in
1544 883 1616 926 eo
1636 862 2013 947 pristinum
2054 864 2162 927 ius
2207 863 2501 948 recipiat,
2551 885 2639 927 ne
2685 885 2831 928 con-

478 968 770 1034 trarium
817 969 926 1032 ius
972 990 1108 1032 non
1153 974 1292 1034 tam
1340 969 1476 1054 ipsi
1514 970 1923 1035 iniuriosum
1968 970 2075 1042 sit,
2132 970 2256 1054 qui
2290 991 2527 1034 servus
2569 978 2835 1055 semper

468 1081 847 1161 permanet,
913 1098 1137 1170 quam¹
1178 1076 1445 1141 domino
1510 1078 1910 1143 damnosum
1977 1078 2426 1142 constituatur
2445 1077 2513 1162 1).
2623 1075 2828 1143 Haud

479 1202 684 1248 secus
751 1202 831 1247 ac
895 1180 1300 1270 transfugae
1361 1180 1400 1248 ii
1467 1203 1749 1270 quoque
1812 1182 2140 1250 carebant
2203 1181 2641 1271 postliminiO,
2716 1185 2840 1270 qui

479 1290 689 1355 armis
756 1290 921 1354 victi
981 1290 1278 1354 hostibus
1342 1312 1415 1353 se
1483 1290 1826 1355 dederunt
1839 1290 1903 1376 2).
1999 1289 2143 1359 Sed
2211 1288 2430 1356 oritur
2491 1290 2827 1378 quaestiO,

484 1417 622 1484 qua
686 1394 853 1462 iuris
920 1395 1327 1463 condicione
1393 1395 1637 1462 fuerint
1699 1395 1761 1476 ii,
1835 1395 1948 1482 qui
2014 1395 2200 1463 iussu
2250 1396 2486 1485 populi
2533 1396 2831 1465 Romani

482 1502 799 1571 hostibus
861 1501 1094 1584 dediti,
1161 1502 1286 1569 sed
1349 1523 1486 1568 non
1556 1502 1822 1591 accepti
1871 1514 2122 1570 essent.
2219 1502 2378 1587 Qua
2426 1503 2490 1570 in
2545 1525 2620 1572 re
2665 1504 2830 1573 iuris

482 1609 774 1678 consulti
800 1608 1278 1677 Romanorum
1311 1608 1489 1677 inter
1537 1632 1615 1677 se
1666 1631 1804 1677 non
1855 1611 2311 1679 consentiunt.
2407 1609 2481 1683 P.
2514 1609 2826 1691 Rutilius,

480 1714 795 1784 tribunus
822 1714 1061 1805 plebis,
1112 1716 1361 1784 dicitur
1385 1714 1779 1784 Mancinum
1824 1716 2004 1784 illum
2055 1718 2488 1785 consularem
2537 1718 2828 1787 iussisse

480 1844 519 1889 e
565 1834 812 1890 senatu
861 1822 1082 1904 educi,
1150 1822 1341 1912 quod
1404 1844 1561 1890 eum
1611 1821 1834 1891 civem
1883 1836 2173 1912 negaret
2221 1846 2415 1892 esse:
2482 1828 2640 1911 quia
2696 1850 2830 1895 me-

477 1931 728 1996 moriae
761 1931 857 1994 sic
887 1937 1058 1995 esset
1073 1931 1444 2016 proditum,
1497 1954 1693 2017 quem
1729 1938 1935 2018 pater
1975 1955 2145 1997 suus
2188 1939 2316 1998 aut
2343 1935 2641 2020 populus
2672 1957 2829 1998 ven-

483 2037 761 2101 didisset
816 2043 943 2102 aut
988 2045 1191 2124 pater
1238 2044 1559 2123 patratus
1606 2040 1983 2111 dedidisset,
2052 2041 2120 2104 ei
2158 2041 2430 2108 nullum
2479 2064 2618 2106 esse
2650 2048 2830 2127 post-

482 2143 823 2210 liminium
847 2145 914 2230 3).
1035 2143 1473 2212 Modestinus
1547 2144 1752 2211 docet
1828 2146 1999 2212 haec
2018 2147 2103 2229 ⁴):
2197 2149 2321 2233 qui
2384 2150 2465 2212 ab
2539 2150 2832 2214 hostibus

480 2251 849 2335 capiuntur
919 2251 1032 2314 vel
1094 2252 1387 2316 hostibus
1456 2253 1823 2325 deduntur,
1900 2253 2050 2318 iure
2113 2255 2525 2340 postliminii
2584 2257 2840 2320 reverti

478 2358 861 2443 antiquitus
880 2358 1160 2442 placuit.
1208 2381 1298 2422 an
1335 2359 1459 2444 qui
1481 2360 1780 2423 hostibus
1804 2360 2070 2424 deditus
2095 2383 2404 2427 reversus
2426 2385 2549 2427 nec
2572 2385 2614 2426 a
2644 2363 2830 2427 nobis

480 2469 782 2548 receptus
829 2464 989 2529 civis
1018 2467 1373 2530 Romanus
1417 2467 1525 2539 sit,
1576 2467 1759 2530 inter
1785 2469 2082 2535 Brutum
2116 2475 2184 2533 et
2206 2470 2598 2534 Scaevolam
2645 2470 2831 2534 varie

480 2576 842 2635 tractatum
874 2576 1007 2634 est:
1056 2577 1123 2635 et
1147 2594 1558 2658 consequens
1591 2579 1706 2646 est,
1754 2580 1837 2639 ut
1864 2576 2193 2641 civitatem
2231 2599 2367 2640 non
2399 2577 2828 2662 adipiscatur.

480 2674 625 2745 Sed
675 2674 961 2744 Cicero:
1046 2680 1236 2762 Quid
1243 2682 1283 2744 ,9
1350 2703 1545 2766 quem
1583 2688 1787 2766 pater
1817 2689 2138 2767 patratus
2199 2685 2458 2749 dedidit
2497 2692 2624 2750 aut
2662 2708 2831 2750 suus

473 2790 673 2869 pater
706 2787 1082 2870 populusve
1112 2787 1433 2867 vendidit,
1485 2810 1613 2872 quo
1659 2789 1716 2851 is
1763 2790 1914 2854 iure
1958 2790 2209 2855 amittit
2254 2792 2636 2858 civitatem?
2741 2796 2835 2859 Ut

480 2891 802 2976 religione
847 2892 1078 2955 civitas
1122 2893 1443 2965 solvatur,
1503 2894 1663 2959 civis
1707 2897 2066 2961 Romanus
2112 2898 2449 2968 traditur:
2514 2901 2638 2984 qui
2676 2922 2827 2965 cum

481 3003 581 3061 est
621 3002 948 3083 acceptus,
999 3004 1099 3062 est
1129 3021 1380 3072 eorum,
1433 3001 1672 3085 quibus
1703 3007 1804 3065 est
1832 3003 2099 3067 deditus
2112 3028 2141 3073 ,·
2187 3005 2420 3068 sinon
2466 3007 2825 3091 accipiunt,

480 3110 563 3168 ut
602 3106 1013 3170 Mancinum
1061 3107 1505 3180 Numantini,
1570 3109 1817 3173 retinet
1873 3110 2208 3195 integram
2272 3134 2541 3178 causam
2604 3120 2672 3178 et
2721 3115 2829 3179 ius

481 3212 763 3277 civitatis
777 3210 844 3297 ⁵).

694 3316 838 3386 Sed
888 3329 961 3385 ut
1008 3317 1497 3408 postliminium
1564 3332 1772 3403 esset,
1833 3323 2178 3411 captivum
2243 3327 2619 3396 revertisse
2682 3350 2825 3396 cor-

481 3445 653 3512 pore
708 3435 777 3491 et
841 3436 1070 3492 mente
1134 3447 1424 3494 necesse
1492 3439 1658 3495 erat.
1754 3433 1905 3495 Nec
1969 3434 2148 3498 enim
2210 3436 2375 3499 satis
2421 3442 2523 3500 est
2562 3446 2829 3523 corpore

480 3531 750 3596 domum
816 3555 1010 3616 quem
1072 3534 1339 3607 redisse,
1404 3536 1473 3599 si
1523 3542 1749 3601 mente
1806 3539 2072 3602 alienus
2120 3546 2219 3604 est
2234 3543 2304 3622 6).
2399 3544 2828 3610 Postliminio

479 3638 728 3702 redisse
773 3639 1062 3712 videtur,
1113 3663 1265 3706 cum
1314 3642 1386 3705 in
1411 3644 1607 3728 fines
1652 3650 1914 3708 nostros
1959 3646 2333 3721 intraverit,
2389 3651 2596 3714 sicuti
2633 3654 2826 3717 amit-

477 3744 664 3818 titur,
714 3746 837 3809 ubi
834 3748 1031 3831 fines
1059 3753 1316 3812 nostros
1343 3751 1637 3815 excessit.
1728 3752 1877 3816 Sed
1906 3760 1974 3818 et
2012 3756 2082 3818 si
2118 3756 2190 3818 in
2225 3757 2554 3823 civitatem
2583 3761 2825 3826 sociam

477 3853 861 3926 amicamve,
911 3859 1038 3917 aut
1072 3856 1170 3918 ad
1208 3876 1431 3938 regem
1476 3858 1728 3923 socium
1776 3860 1889 3922 vel
1926 3861 2217 3926 amicum
2265 3865 2542 3937 venerit,
2597 3868 2824 3932 statim

466 3959 878 4042 postliminio
948 3961 1198 4025 redisse
1261 3961 1548 4035 videtur,
1623 3965 1781 4048 quia
1845 3967 1941 4029 ibi
1986 3969 2292 4053 primum
2363 3973 2637 4037 nomine
2693 3982 2824 4058 pu-

481 4065 639 4129 blico
670 4071 860 4130 tutus
891 4089 1028 4132 essc
1066 4067 1422 4155 z'ncipiaffl).
1518 4068 1696 4136 Nihil
1748 4070 2052 4157 interest,
2102 4077 2458 4161 quomodo
2509 4077 2824 4166 captivus

695 4225 736 4295 ¹)
775 4226 1013 4298 Dig·49‚
1057 4243 1143 4298 15,
1183 4244 1266 4297 19,
1304 4244 1354 4298 5-
1402 4261 1457 4268 —
1504 4227 1546 4298 ²)
1585 4228 1716 4301 Dig·
1745 4249 1831 4302 49,
1863 4251 1944 4304 15,
1975 4252 2058 4308 17-

693 4314 735 4385 8)
775 4315 893 4371 Cic.
933 4316 1009 4370 de
1059 4324 1205 4371 orat.
1257 4334 1305 4386 1,
1358 4318 1475 4371 181.
1547 4351 1603 4358 —
1679 4319 1723 4388 ⁴)
1763 4320 1894 4392 Dig.
1932 4342 2019 4395 49,
2073 4342 2157 4396 15.
2208 4344 2257 4396 4.
2332 4360 2387 4368 —
2460 4328 2503 4399 8)
2543 4328 2662 4386 Cic.
2712 4348 2822 4402 pro

477 4402 650 4459 Caec.
688 4406 776 4474 98.
831 4438 886 4447 -
931 4406 975 4473 ⁶)
1015 4405 1147 4477 Dig.
1184 4423 1271 4476 49,
1314 4423 1395 4476 15,
1434 4411 1520 4463 26.
1568 4442 1622 4448 —
1671 4409 1712 4479 ⁷)
1754 4410 1884 4482 Dig.
1923 4431 2010 4483 49,
2052 4432 2136 4485 15,
2179 4432 2260 4487 19,
2298 4435 2350 4488 3.
