3467 5350
1746 545 2189 614 —25-

795 741 1060 811 veritus
1106 764 1246 809 non
1296 753 1402 810 est
1449 741 1661 809 multa
1707 740 1886 809 milia
1936 741 2325 809 deditorum
2376 741 2441 809 in
2473 741 2629 809 villa
2677 741 2951 831 publica
3000 763 3151 808 cae-

797 851 964 917 dere
986 854 1052 934 ¹).
1148 847 1494 916 Munatius
1527 848 1817 915 Flaccus
1851 847 2253 937 Pompeiani
2319 848 2611 917 nominis
2661 849 2887 916 acrior
2933 870 3144 936 quam

795 956 1223 1047 probabilior
1283 955 1628 1037 defensor,
1703 977 1857 1022 cum
1925 955 2011 1021 ab
2081 954 2497 1044 imperatore
2549 955 2852 1024 Caesare
2916 955 2982 1022 in
3030 955 3148 1023 Hi-

795 1065 1037 1154 spania
1084 1063 1390 1131 inclusus
1431 1062 1796 1130 moenibus
1827 1061 2339 1149 Ateguensium
2388 1063 2844 1145 obsideretur,
2905 1063 3146 1130 effera-

798 1185 934 1240 tam
1002 1170 1474 1239 crudelitatem
1541 1191 1736 1238 suam
1806 1170 2387 1238 truculentissimo
2454 1192 2716 1258 genere
2779 1170 3151 1238 vaesaniae

801 1278 1136 1346 exercuit:
1187 1300 1434 1345 omnes
1483 1277 1660 1344 enim
1713 1277 1861 1344 eius
1910 1277 2146 1366 oppidi
2195 1277 2404 1359 cives,
2455 1299 2636 1365 quos
2684 1278 3148 1346 studiosiores

801 1386 1124 1454 *Caesaris
1188 1398 1522 1468 senserat,
1596 1386 1946 1473 iugulatos
2007 1385 2222 1452 muris
2287 1385 2787 1474 praecipitavit:
2858 1385 3149 1453 feminas

801 1515 1085 1581 quoque
1133 1493 1351 1563 citatis
1401 1493 1793 1561 nominibus
1830 1492 2159 1571 virorum,
2211 1493 2326 1579 qui
2376 1497 2439 1559 in
2492 1493 2852 1562 contrariis
2901 1493 3145 1562 castris

801 1613 1011 1684 erant,
1066 1614 1138 1668 ut
1187 1602 1440 1669 caedes
1491 1599 1866 1688 coniugum
1916 1622 2195 1667 suarum
2249 1612 2631 1682 cernerent,
2680 1601 3149 1688 maternisque

801 1707 1084 1796 gremiis
1151 1707 1635 1797 superpositos
1702 1708 1959 1775 liberos
2016 1707 2417 1775 trucidavit:
2484 1708 2776 1776 infantes
2843 1708 3014 1775 alios
3080 1706 3148 1776 in

801 1828 1178 1904 conspectu
1229 1827 1589 1904 parentum
1641 1816 1855 1882 humo
1903 1814 2136 1902 infligi,
2210 1815 2381 1883 alios
2445 1815 2949 1904 superiactatos
2996 1814 3148 1904 pilis

801 1922 1018 2011 excipi
1041 1922 1238 1991 iussit
1252 1927 1319 2006 2).
1371 1922 1572 2007 Quae
1602 1922 1985 2009 qualesque
2007 1922 2446 1990 crudelitates
2469 1947 2506 1990 e
2529 1922 3151 2012 proscriptionibus

805 2043 1002 2100 natae
1019 2033 1067 2114 3)
1101 2031 1291 2098 sunt!
1387 2029 1626 2117 Itaque
1665 2040 1906 2096 senatu
1943 2041 2332 2097 convocato
2367 2052 2451 2097 ex
2489 2030 2829 2098 sententia
2862 2029 3153 2098 Catonis

805 2140 1154 2205 decretum
1205 2149 1330 2219 est,
1392 2160 1477 2204 ne
1527 2137 1681 2224 quis
1726 2136 2204 2204 Romanorum
2258 2149 2453 2204 extra
2503 2138 2839 2225 proelium
2889 2137 3152 2205 occide-

805 2257 990 2313 retur
1039 2268 1215 2312 neve
1265 2245 1399 2311 ulla
1445 2245 1615 2311 urbs
1666 2244 2001 2311 Romanis
2050 2243 2329 2312 subdita
2376 2245 2882 2333 diriperetur⁴).

1015 2351 1306 2440 Propria
1333 2374 1473 2418 vox
1524 2363 1698 2419 erat:
1750 2354 1846 2416 ad
1863 2354 2384 2416 t'tzlc’rtlc‘ctbm’m
2413 2354 2685 2416 caedere
2717 2354 2827 2416 vel
2846 2353 3064 2417 delere
3080 2351 3148 2435 5).

809 2460 900 2526 lta
950 2458 1411 2527 Germanicus
1473 2458 1538 2525 in
1589 2481 1862 2525 summo
1911 2458 2065 2526 belli
2115 2457 2509 2527 Germanici
2559 2459 2867 2547 periculo
2916 2457 3151 2545 fatiga-

805 2580 914 2633 tos
966 2565 1210 2633 milites
1258 2567 1667 2633 adhortatus
1711 2578 1834 2646 est,
1885 2579 1958 2633 ut
2008 2565 2338 2635 caedibus
2389 2565 2809 2633 insisterent:
2861 2567 3151 2652 nilopus

805 2674 1100 2760 raptim&
1148 2675 1355 2737 solam
1391 2675 1902 2738 internicionem
1928 2675 2157 2759 gentis
2180 2677 2408 2760 finem
2462 2675 2623 2739 bello
2652 2677 2900 2761 forc'0).
2992 2670 3151 2739 Hoc

809 2780 1197 2848 nominatur
1247 2783 1487 2846 bellum
1537 2783 2027 2847 internecivum
2057 2784 2115 2868 ⁷).

1022 2887 1306 2976 Operae
1368 2888 1662 2977 pretium
1715 2900 1822 2955 est
1879 2888 2115 2976 paucis
2188 2889 2421 2956 verbis
2494 2889 2829 2969 conferre,
2902 2888 3153 2976 quibus

809 2995 1400 3063 caerimoniis
1450 2997 1941 3064 consueverint
1993 2996 2259 3064 veniam
2313 3010 2551 3085 petere
2609 2997 2767 3063 victi
2816 3019 2856 3065 a
2894 2996 3153 3064 victori-

809 3104 953 3175 bus,
1053 3103 1352 3171 Maiores
1404 3117 1565 3171 natu
1615 3115 1681 3170 et
1728 3103 2063 3191 dignitate
2114 3104 2353 3172 aetatis
2410 3104 2699 3172 consecti
2750 3102 3149 3172 nobilissimi

809 3210 1098 3278 civitatis
1147 3211 1391 3279 victori
1441 3210 1720 3279 obviam
1773 3211 1869 3279 ire
1918 3211 2237 3280 solebant
2258 3216 2305 3296 8)
2358 3213 2603 3280 infulas
2652 3223 2720 3280 et
2765 3213 3151 3279 velamenta

1021 3427 1062 3495 ¹)
1101 3425 1299 3482 Valer.
1338 3426 1494 3481 Max.
1531 3443 1584 3496 9,
1624 3443 1675 3495 2,
1717 3443 1773 3495 13
1811 3426 1939 3482 Liv.
1980 3444 2105 3498 per.
2144 3428 2240 3495 88;
2280 3428 2355 3481 de
2394 3425 2502 3480 vir.
2542 3426 2617 3481 ill.
2659 3443 2746 3498 75,
2789 3444 2869 3481 10.

1021 3514 1063 3584 2)
1104 3515 1301 3570 Valer.
1341 3515 1497 3570 Max,
1533 3533 1586 3586 9,
1627 3533 1678 3585 2,
1716 3534 1770 3585 4.

1020 3605 1062 3675 ³)
1103 3605 1251 3660 Plut.
1274 3605 1411 3659 Ant.
1437 3623 1504 3675 19
1516 3623 1531 3674 ;
1584 3623 1679 3674 205
1719 3605 1859 3660 Sull.
1881 3623 1946 3676 31
1966 3624 1980 3674 ;
2007 3624 2102 3676 323
2161 3605 2279 3660 Cic.
2300 3607 2397 3675 463
2436 3604 2693 3676 Appian.
2733 3606 2787 3659 b.
2818 3623 2863 3659 e.
2886 3624 2936 3675 4,
2973 3622 3007 3676 5
3039 3621 3151 3674 sq.;

813 3713 853 3761 ι,
891 3712 989 3765 95;
1047 3694 1211 3749 Cass
1251 3694 1380 3750 Dio.
1422 3694 1528 3766 frg.
1568 3712 1799 3766 30—35,
1843 3714 1971 3764 1023
2033 3713 2160 3765 1c9;
2221 3712 2348 3764 110;
2398 3714 2485 3766 47,
2523 3712 2729 3765 4—193
2770 3695 2940 3749 Oros.
2977 3694 3028 3762 6,
3071 3694 3151 3761 18,

809 3802 898 3852 105
955 3800 1006 3854 5,
1045 3802 1130 3853 21,
1169 3802 1338 3855 gsq.;
1377 3783 1504 3839 Liv.
1545 3802 1669 3855 per.
1707 3786 1805 3853 883
1843 3785 2042 3840 Valer.
2081 3785 2236 3839 MaX.
2275 3803 2327 3856 9,
2366 3802 2418 3853 2,
2460 3785 2562 3852 112.

1019 3874 1062 3944 ⁴)
1102 3875 1252 3932 Plut.
1290 3875 1496 3946 Pomp.
1535 3877 1630 3945 65,
1667 3893 1722 3944 15
1765 3874 1911 3930 Cato
1952 3875 2087 3931 min.
2127 3893 2213 3945 53,
2254 3893 2303 3929 2.

1021 3963 1062 4033 5)
1102 3963 1229 4018 Liv.
1267 3983 1319 4034 9,
1358 3966 1446 4034 26,
1484 3982 1543 4034 25
1589 3982 1642 4035 9,
1679 3982 1769 4035 45,
1811 3983 1902 4037 17;
1944 3965 2113 4020 Caes.
2155 3965 2207 4019 b.
2249 3965 2317 4020 G.
2358 3983 2408 4036 2,
2448 3966 2533 4033 28,
2575 3982 2631 4033 13
2672 3964 2845 4020 Oros,
2882 3964 2933 4032 6,
2974 3981 3024 4033 7,
3066 3964 3154 4031 16;

805 4057 853 4121 fi,
892 4055 945 4122 8,
983 4071 1081 4213 2Ξ);
1106 4054 1171 4197 ξ,
1210 4072 1296 4198 εἰ,
1337 4072 1432 4125 15;
1472 4072 1522 4125 7,
1567 4070 1649 4124 15,
1693 4072 1775 4109 10·

1162 4161 1250 4198 acl
1283 4187 1292 4198 .
1334 4161 1466 4198 ann.
1506 4162 1556 4213 2,
1597 4162 1683 4200 21.

1024 4232 1064 4301 7)
1104 4232 1229 4287 Liv·
1267 4251 1320 4302 9,
1358 4250 1445 4304 25,
1483 4251 1534 4304 9·

1023 4320 1064 4390 ⁸)
1105 4321 1362 4392 Appian.
1402 4322 1480 4379 Ib.
1520 4339 1616 4393 52;
1674 4322 1846 4378 Caes,
1886 4324 1940 4378 b.
1984 4322 2052 4377 G.
2093 4341 2143 4392 2,
2197 4341 2280 4396 13,
2318 4324 2433 4396 2135
2491 4322 2663 4378 Diod.
2704 4322 2811 4394 frg.
2851 4338 2938 4391 24,
2980 4338 3063 4389 10,
3101 4338 3157 4389 23

809 4410 976 4465 Dion.
1016 4410 1148 4466 Hal.
1188 4428 1240 4482 5,
1278 4428 1374 4482 593
1415 4411 1600 4467 Tacit.
1641 4411 1773 4468 hist.
1816 4430 1864 4481 1,
1901 4414 1988 4482 63.
