<?xml version="1.0" encoding="UTF-8"?>
<!DOCTYPE html PUBLIC "-//W3C//DTD XHTML 1.0 Transitional//EN"
    "http://www.w3.org/TR/xhtml1/DTD/xhtml1-transitional.dtd">
<html xmlns="http://www.w3.org/1999/xhtml" xml:lang="en" lang="en">
 <head>
  <title>
</title>
<meta http-equiv="Content-Type" content="text/html;charset=utf-8" />
  <meta name='ocr-system' content='tesseract 3.04.00' />
  <meta name='ocr-capabilities' content='ocr_page ocr_carea ocr_par ocr_line ocrx_word'/>
</head>
<body>
  <div class='ocr_page' id='page_1' title='image "./decaptivisroman00koesgoog_0112.png"; bbox 0 0 3467 5350; ppageno 0'>
   <div class='ocr_carea' id='block_1_1' title="bbox 1624 575 2112 643">
    <p class='ocr_par' dir='ltr' id='par_1_1' title="bbox 1624 575 2112 643">
     <span class='ocr_line' id='line_1_1' title="bbox 1624 575 2112 643; baseline -0.002 -17"><span class='ocrx_word' id='word_1_1' title='bbox 1624 575 2112 643; x_wconf 71' lang='lat'>-106—</span> 
     </span>
    </p>
   </div>
   <div class='ocr_carea' id='block_1_2' title="bbox 695 773 3054 3444">
    <p class='ocr_par' dir='ltr' id='par_1_2' title="bbox 695 773 3045 969">
     <span class='ocr_line' id='line_1_2' title="bbox 695 773 3045 862; baseline -0.001 -21"><span class='ocrx_word' id='word_1_2' title='bbox 695 775 1170 862; x_wconf 76' lang='lat' dir='ltr'><em>magnitudine</em></span> <span class='ocrx_word' id='word_1_3' title='bbox 1222 774 1518 839; x_wconf 58' lang='lat' dir='ltr'><strong>nomimis</strong></span> <span class='ocrx_word' id='word_1_4' title='bbox 1586 774 1707 839; x_wconf 81' lang='lat' dir='ltr'><strong>sui</strong></span> <span class='ocrx_word' id='word_1_5' title='bbox 1746 773 1943 861; x_wconf 80' lang='lat' dir='ltr'><strong>fecit,</strong></span> <span class='ocrx_word' id='word_1_6' title='bbox 2022 795 2223 860; x_wconf 82' lang='lat' dir='ltr'><strong>quam</strong></span> <span class='ocrx_word' id='word_1_7' title='bbox 2297 773 2507 839; x_wconf 63' lang='lat' dir='ltr'><strong>armis·</strong></span> <span class='ocrx_word' id='word_1_8' title='bbox 2553 775 2798 861; x_wconf 79' lang='lat' dir='ltr'><strong>facere</strong></span> <span class='ocrx_word' id='word_1_9' title='bbox 2867 774 3045 841; x_wconf 81' lang='lat' dir='ltr'><strong>alius</strong></span> 
     </span>
     <span class='ocr_line' id='line_1_3' title="bbox 695 881 1508 969; baseline 0 -22"><span class='ocrx_word' id='word_1_10' title='bbox 695 883 1060 969; x_wconf 81' lang='lat' dir='ltr'><strong>imperator</strong></span> <span class='ocrx_word' id='word_1_11' title='bbox 1089 881 1422 968; x_wconf 60' lang='lat' dir='ltr'><strong>potuis-set</strong></span> <span class='ocrx_word' id='word_1_12' title='bbox 1439 883 1508 964; x_wconf 86' lang='lat'><strong>¹).</strong></span> 
     </span>
    </p>

    <p class='ocr_par' dir='ltr' id='par_1_3' title="bbox 696 1001 3054 3444">
     <span class='ocr_line' id='line_1_4' title="bbox 910 1001 3045 1094; baseline -0.001 -19"><span class='ocrx_word' id='word_1_13' title='bbox 910 1004 1056 1075; x_wconf 88' lang='lat' dir='ltr'><strong>Sed</strong></span> <span class='ocrx_word' id='word_1_14' title='bbox 1088 1001 1398 1093; x_wconf 85' lang='lat' dir='ltr'>plurimis</span> <span class='ocrx_word' id='word_1_15' title='bbox 1441 1002 1748 1072; x_wconf 93' lang='lat' dir='ltr'><strong>omnium</strong></span> <span class='ocrx_word' id='word_1_16' title='bbox 1775 1002 2348 1086; x_wconf 86' lang='lat' dir='ltr'>testimoniorum,</span> <span class='ocrx_word' id='word_1_17' title='bbox 2399 1024 2581 1094; x_wconf 90' lang='lat' dir='ltr'><strong>quae</strong></span> <span class='ocrx_word' id='word_1_18' title='bbox 2626 1025 2840 1093; x_wconf 90' lang='lat' dir='ltr'><strong>supra</strong></span> <span class='ocrx_word' id='word_1_19' title='bbox 2889 1027 3045 1073; x_wconf 93' lang='lat' dir='ltr'><strong>con-</strong></span> 
     </span>
     <span class='ocr_line' id='line_1_5' title="bbox 697 1110 3042 1202; baseline -0 -21"><span class='ocrx_word' id='word_1_20' title='bbox 697 1112 834 1196; x_wconf 92' lang='lat' dir='ltr'><strong>tuli,</strong></span> <span class='ocrx_word' id='word_1_21' title='bbox 884 1111 1243 1181; x_wconf 86' lang='lat' dir='ltr'><strong>manifeste</strong></span> <span class='ocrx_word' id='word_1_22' title='bbox 1275 1123 1566 1202; x_wconf 88' lang='lat' dir='ltr'><strong>apparet</strong></span> <span class='ocrx_word' id='word_1_23' title='bbox 1598 1110 1984 1195; x_wconf 79' lang='lat' dir='ltr'><strong>RomanOS,</strong></span> <span class='ocrx_word' id='word_1_24' title='bbox 2019 1133 2174 1180; x_wconf 92' lang='lat' dir='ltr'><strong>cum</strong></span> <span class='ocrx_word' id='word_1_25' title='bbox 2200 1133 2337 1200; x_wconf 88' lang='lat' dir='ltr'><strong>pax</strong></span> <span class='ocrx_word' id='word_1_26' title='bbox 2362 1110 2580 1192; x_wconf 90' lang='lat' dir='ltr'><strong>fieret,</strong></span> <span class='ocrx_word' id='word_1_27' title='bbox 2631 1111 3042 1202; x_wconf 87' lang='lat' dir='ltr'>postulasse,</span> 
     </span>
     <span class='ocr_line' id='line_1_6' title="bbox 698 1216 3045 1309; baseline -0 -22"><span class='ocrx_word' id='word_1_28' title='bbox 698 1231 775 1288; x_wconf 92' lang='lat' dir='ltr'><strong>ut</strong></span> <span class='ocrx_word' id='word_1_29' title='bbox 819 1240 993 1289; x_wconf 90' lang='lat' dir='ltr'><strong>suos</strong></span> <span class='ocrx_word' id='word_1_30' title='bbox 1039 1217 1414 1309; x_wconf 84' lang='lat' dir='ltr'>populares</span> <span class='ocrx_word' id='word_1_31' title='bbox 1464 1230 1707 1309; x_wconf 91' lang='lat' dir='ltr'><strong>captos</strong></span> <span class='ocrx_word' id='word_1_32' title='bbox 1757 1216 2132 1287; x_wconf 85' lang='lat' dir='ltr'><strong>redderent</strong></span> <span class='ocrx_word' id='word_1_33' title='bbox 2179 1218 2420 1287; x_wconf 89' lang='lat' dir='ltr'><strong>hostes</strong></span> <span class='ocrx_word' id='word_1_34' title='bbox 2467 1217 2649 1297; x_wconf 90' lang='lat' dir='ltr'><strong>victi,</strong></span> <span class='ocrx_word' id='word_1_35' title='bbox 2714 1239 2869 1287; x_wconf 92' lang='lat' dir='ltr'><strong>cum</strong></span> <span class='ocrx_word' id='word_1_36' title='bbox 2917 1217 3045 1309; x_wconf 89' lang='lat' dir='ltr'><strong>ipsi</strong></span> 
     </span>
     <span class='ocr_line' id='line_1_7' title="bbox 696 1313 3043 1415; baseline -0.001 -19"><span class='ocrx_word' id='word_1_37' title='bbox 696 1328 995 1397; x_wconf 91' lang='lat' dir='ltr'><strong>hostium</strong></span> <span class='ocrx_word' id='word_1_38' title='bbox 1069 1313 1382 1415; x_wconf 80' lang='lat' dir='ltr'><strong>captivos</strong></span> <span class='ocrx_word' id='word_1_39' title='bbox 1452 1324 1730 1394; x_wconf 92' lang='lat' dir='ltr'><strong>minime</strong></span> <span class='ocrx_word' id='word_1_40' title='bbox 1801 1323 2237 1394; x_wconf 82' lang='lat' dir='ltr'><strong>dimitterent.</strong></span> <span class='ocrx_word' id='word_1_41' title='bbox 2341 1325 2438 1394; x_wconf 88' lang='lat' dir='ltr'><strong>At</strong></span> <span class='ocrx_word' id='word_1_42' title='bbox 2501 1321 2855 1414; x_wconf 83' lang='lat' dir='ltr'><strong>singulare</strong></span> <span class='ocrx_word' id='word_1_43' title='bbox 2916 1337 3043 1409; x_wconf 91' lang='lat' dir='ltr'><strong>est,</strong></span> 
     </span>
     <span class='ocr_line' id='line_1_8' title="bbox 698 1431 3044 1524; baseline -0 -22"><span class='ocrx_word' id='word_1_44' title='bbox 698 1434 888 1524; x_wconf 95' lang='lat' dir='ltr'><strong>quod</strong></span> <span class='ocrx_word' id='word_1_45' title='bbox 936 1456 995 1501; x_wconf 91' lang='lat' dir='ltr'><strong>a.</strong></span> <span class='ocrx_word' id='word_1_46' title='bbox 1023 1454 1149 1523; x_wconf 88' lang='lat'><strong>241</strong></span> <span class='ocrx_word' id='word_1_47' title='bbox 1181 1455 1241 1500; x_wconf 91' lang='lat' dir='ltr'><strong>a.</strong></span> <span class='ocrx_word' id='word_1_48' title='bbox 1274 1431 1439 1501; x_wconf 90' lang='lat' dir='ltr'><strong>Chr.</strong></span> <span class='ocrx_word' id='word_1_49' title='bbox 1469 1455 1558 1515; x_wconf 91' lang='lat' dir='ltr'><strong>n.,</strong></span> <span class='ocrx_word' id='word_1_50' title='bbox 1623 1454 1766 1522; x_wconf 92' lang='lat' dir='ltr'><strong>quo</strong></span> <span class='ocrx_word' id='word_1_51' title='bbox 1826 1454 2011 1500; x_wconf 92' lang='lat' dir='ltr'><strong>anno</strong></span> <span class='ocrx_word' id='word_1_52' title='bbox 2060 1431 2314 1500; x_wconf 91' lang='lat' dir='ltr'><strong>bellum</strong></span> <span class='ocrx_word' id='word_1_53' title='bbox 2365 1431 2699 1501; x_wconf 91' lang='lat' dir='ltr'><strong>Punicum</strong></span> <span class='ocrx_word' id='word_1_54' title='bbox 2747 1431 3044 1523; x_wconf 91' lang='lat' dir='ltr'><strong>primum</strong></span> 
     </span>
     <span class='ocr_line' id='line_1_9' title="bbox 697 1538 3046 1630; baseline -0.001 -19"><span class='ocrx_word' id='word_1_55' title='bbox 697 1541 1085 1611; x_wconf 86' lang='lat' dir='ltr'><strong>confectum</strong></span> <span class='ocrx_word' id='word_1_56' title='bbox 1121 1551 1246 1620; x_wconf 92' lang='lat' dir='ltr'><strong>est,</strong></span> <span class='ocrx_word' id='word_1_57' title='bbox 1293 1540 1776 1609; x_wconf 92' lang='lat' dir='ltr'><strong>Romanorum</strong></span> <span class='ocrx_word' id='word_1_58' title='bbox 1827 1539 2046 1630; x_wconf 90' lang='lat' dir='ltr'><strong>captis</strong></span> <span class='ocrx_word' id='word_1_59' title='bbox 2079 1562 2120 1608; x_wconf 92' lang='lat' dir='ltr'><strong>a</strong></span> <span class='ocrx_word' id='word_1_60' title='bbox 2153 1538 2848 1629; x_wconf 86' lang='lat' dir='ltr'><strong>Carthaginiensibus</strong></span> <span class='ocrx_word' id='word_1_61' title='bbox 2896 1540 3046 1609; x_wconf 88' lang='lat' dir='ltr'><strong>red·</strong></span> 
     </span>
     <span class='ocr_line' id='line_1_10' title="bbox 697 1645 3047 1737; baseline -0.001 -19"><span class='ocrx_word' id='word_1_62' title='bbox 697 1648 853 1718; x_wconf 91' lang='lat' dir='ltr'><strong>ditis</strong></span> <span class='ocrx_word' id='word_1_63' title='bbox 914 1660 1223 1730; x_wconf 80' lang='lat' dir='ltr'><strong>senatuS,</strong></span> <span class='ocrx_word' id='word_1_64' title='bbox 1290 1658 1661 1737; x_wconf 84' lang='lat' dir='ltr'>postquam</span> <span class='ocrx_word' id='word_1_65' title='bbox 1712 1645 1932 1715; x_wconf 87' lang='lat' dir='ltr'><strong>Poeni</strong></span> <span class='ocrx_word' id='word_1_66' title='bbox 1995 1645 2410 1736; x_wconf 91' lang='lat' dir='ltr'><strong>petiverunt,</strong></span> <span class='ocrx_word' id='word_1_67' title='bbox 2480 1658 2555 1715; x_wconf 93' lang='lat' dir='ltr'><strong>ut</strong></span> <span class='ocrx_word' id='word_1_68' title='bbox 2614 1646 2857 1715; x_wconf 91' lang='lat' dir='ltr'><strong>redimi</strong></span> <span class='ocrx_word' id='word_1_69' title='bbox 2919 1669 3047 1717; x_wconf 90' lang='lat' dir='ltr'><strong>eos</strong></span> 
     </span>
     <span class='ocr_line' id='line_1_11' title="bbox 699 1752 3048 1847; baseline -0.001 -22"><span class='ocrx_word' id='word_1_70' title='bbox 699 1755 1013 1847; x_wconf 90' lang='lat' dir='ltr'><strong>captivos</strong></span> <span class='ocrx_word' id='word_1_71' title='bbox 1081 1753 1337 1838; x_wconf 89' lang='lat' dir='ltr'><strong>liceret,</strong></span> <span class='ocrx_word' id='word_1_72' title='bbox 1410 1774 1592 1844; x_wconf 92' lang='lat' dir='ltr'><strong>quos</strong></span> <span class='ocrx_word' id='word_1_73' title='bbox 1661 1777 1750 1822; x_wconf 87' lang='lat' dir='ltr'><strong>ex</strong></span> <span class='ocrx_word' id='word_1_74' title='bbox 1813 1752 2002 1823; x_wconf 80' lang='lat' dir='ltr'><strong>Afris</strong></span> <span class='ocrx_word' id='word_1_75' title='bbox 2063 1753 2364 1822; x_wconf 90' lang='lat' dir='ltr'><strong>Romani</strong></span> <span class='ocrx_word' id='word_1_76' title='bbox 2432 1753 2779 1837; x_wconf 88' lang='lat' dir='ltr'><strong>tenebant,</strong></span> <span class='ocrx_word' id='word_1_77' title='bbox 2850 1752 3048 1823; x_wconf 90' lang='lat' dir='ltr'><strong>iussit</strong></span> 
     </span>
     <span class='ocr_line' id='line_1_12' title="bbox 697 1859 3048 1952; baseline -0.001 -20"><span class='ocrx_word' id='word_1_78' title='bbox 697 1863 847 1933; x_wconf 90' lang='lat' dir='ltr'><strong>sine</strong></span> <span class='ocrx_word' id='word_1_79' title='bbox 907 1861 1131 1952; x_wconf 91' lang='lat' dir='ltr'><strong>pretio</strong></span> <span class='ocrx_word' id='word_1_80' title='bbox 1193 1883 1321 1931; x_wconf 90' lang='lat' dir='ltr'><strong>eos</strong></span> <span class='ocrx_word' id='word_1_81' title='bbox 1381 1859 1552 1943; x_wconf 91' lang='lat' dir='ltr'><strong>dari,</strong></span> <span class='ocrx_word' id='word_1_82' title='bbox 1623 1860 1743 1951; x_wconf 88' lang='lat' dir='ltr'><strong>qui</strong></span> <span class='ocrx_word' id='word_1_83' title='bbox 1789 1859 1854 1929; x_wconf 91' lang='lat' dir='ltr'><strong>in</strong></span> <span class='ocrx_word' id='word_1_84' title='bbox 1904 1860 2179 1951; x_wconf 91' lang='lat' dir='ltr'><strong>publica</strong></span> <span class='ocrx_word' id='word_1_85' title='bbox 2225 1861 2540 1930; x_wconf 91' lang='lat' dir='ltr'><strong>custodia</strong></span> <span class='ocrx_word' id='word_1_86' title='bbox 2586 1872 2824 1930; x_wconf 90' lang='lat' dir='ltr'><strong>essent</strong></span> <span class='ocrx_word' id='word_1_87' title='bbox 2838 1884 2856 1944; x_wconf 86' lang='lat'>;</span> <span class='ocrx_word' id='word_1_88' title='bbox 2930 1861 3048 1951; x_wconf 92' lang='lat' dir='ltr'><strong>qui</strong></span> 
     </span>
     <span class='ocr_line' id='line_1_13' title="bbox 698 1955 3045 2059; baseline -0.001 -20"><span class='ocrx_word' id='word_1_89' title='bbox 698 1981 929 2039; x_wconf 89' lang='lat' dir='ltr'><strong>autem</strong></span> <span class='ocrx_word' id='word_1_90' title='bbox 961 1991 1003 2037; x_wconf 92' lang='lat' dir='ltr'><strong>a</strong></span> <span class='ocrx_word' id='word_1_91' title='bbox 1035 1955 1322 2059; x_wconf 57' lang='lat' dir='ltr'><strong>privatis</strong></span> <span class='ocrx_word' id='word_1_92' title='bbox 1369 1980 1792 2050; x_wconf 87' lang='lat' dir='ltr'><strong>tenerentur,</strong></span> <span class='ocrx_word' id='word_1_93' title='bbox 1841 1979 1918 2036; x_wconf 93' lang='lat' dir='ltr'><strong>ut</strong></span> <span class='ocrx_word' id='word_1_94' title='bbox 1964 1966 2186 2059; x_wconf 91' lang='lat' dir='ltr'><strong>pretio</strong></span> <span class='ocrx_word' id='word_1_95' title='bbox 2235 1965 2536 2037; x_wconf 91' lang='lat' dir='ltr'><strong>dominis</strong></span> <span class='ocrx_word' id='word_1_96' title='bbox 2582 1967 2855 2037; x_wconf 90' lang='lat' dir='ltr'><strong>reddito</strong></span> <span class='ocrx_word' id='word_1_97' title='bbox 2883 1967 3045 2038; x_wconf 91' lang='lat' dir='ltr'><strong>Car·</strong></span> 
     </span>
     <span class='ocr_line' id='line_1_14' title="bbox 697 2074 3047 2166; baseline -0 -20"><span class='ocrx_word' id='word_1_98' title='bbox 697 2075 1049 2165; x_wconf 90' lang='lat' dir='ltr'><strong>thaginem</strong></span> <span class='ocrx_word' id='word_1_99' title='bbox 1115 2075 1422 2144; x_wconf 91' lang='lat' dir='ltr'><strong>redirent</strong></span> <span class='ocrx_word' id='word_1_100' title='bbox 1467 2088 1676 2166; x_wconf 89' lang='lat' dir='ltr'><strong>atque</strong></span> <span class='ocrx_word' id='word_1_101' title='bbox 1729 2074 1797 2143; x_wconf 92' lang='lat' dir='ltr'><strong>id</strong></span> <span class='ocrx_word' id='word_1_102' title='bbox 1848 2074 2142 2165; x_wconf 90' lang='lat' dir='ltr'><strong>pretium</strong></span> <span class='ocrx_word' id='word_1_103' title='bbox 2205 2097 2294 2144; x_wconf 86' lang='lat' dir='ltr'><strong>ex</strong></span> <span class='ocrx_word' id='word_1_104' title='bbox 2341 2075 2514 2144; x_wconf 90' lang='lat' dir='ltr'><strong>fisco</strong></span> <span class='ocrx_word' id='word_1_105' title='bbox 2565 2074 2790 2164; x_wconf 88' lang='lat' dir='ltr'><strong>magis</strong></span> <span class='ocrx_word' id='word_1_106' title='bbox 2838 2098 3047 2166; x_wconf 91' lang='lat' dir='ltr'><strong>quam</strong></span> 
     </span>
     <span class='ocr_line' id='line_1_15' title="bbox 698 2181 3049 2272; baseline -0 -19"><span class='ocrx_word' id='word_1_107' title='bbox 698 2207 738 2253; x_wconf 92' lang='lat' dir='ltr'><strong>a</strong></span> <span class='ocrx_word' id='word_1_108' title='bbox 772 2181 1468 2270; x_wconf 85' lang='lat' dir='ltr'><strong>Carthaginiensibus</strong></span> <span class='ocrx_word' id='word_1_109' title='bbox 1498 2182 1983 2268; x_wconf 80' lang='lat' dir='ltr'><strong>solveretur2).</strong></span> <span class='ocrx_word' id='word_1_110' title='bbox 2058 2181 2213 2251; x_wconf 92' lang='lat' dir='ltr'><strong>Hoc</strong></span> <span class='ocrx_word' id='word_1_111' title='bbox 2247 2194 2392 2251; x_wconf 90' lang='lat' dir='ltr'><strong>erat</strong></span> <span class='ocrx_word' id='word_1_112' title='bbox 2426 2181 2606 2272; x_wconf 88' lang='lat' dir='ltr'><strong>grati</strong></span> <span class='ocrx_word' id='word_1_113' title='bbox 2643 2181 2870 2252; x_wconf 91' lang='lat' dir='ltr'><strong>animi.</strong></span> <span class='ocrx_word' id='word_1_114' title='bbox 2942 2182 3049 2252; x_wconf 82' lang='lat' dir='ltr'><strong>Ex</strong></span> 
     </span>
     <span class='ocr_line' id='line_1_16' title="bbox 700 2288 3048 2380; baseline 0 -20"><span class='ocrx_word' id='word_1_115' title='bbox 700 2291 946 2360; x_wconf 88' lang='lat' dir='ltr'><strong>eodem</strong></span> <span class='ocrx_word' id='word_1_116' title='bbox 983 2312 1243 2378; x_wconf 88' lang='lat' dir='ltr'><strong>genere</strong></span> <span class='ocrx_word' id='word_1_117' title='bbox 1276 2301 1405 2373; x_wconf 89' lang='lat' dir='ltr'><strong>est,</strong></span> <span class='ocrx_word' id='word_1_118' title='bbox 1456 2291 1642 2380; x_wconf 93' lang='lat' dir='ltr'><strong>quod</strong></span> <span class='ocrx_word' id='word_1_119' title='bbox 1676 2288 1978 2359; x_wconf 91' lang='lat' dir='ltr'><strong>Romani</strong></span> <span class='ocrx_word' id='word_1_120' title='bbox 2004 2288 2311 2379; x_wconf 85' lang='lat' dir='ltr'><strong>Pyrrh0,</strong></span> <span class='ocrx_word' id='word_1_121' title='bbox 2354 2289 2469 2380; x_wconf 91' lang='lat' dir='ltr'><strong>qui</strong></span> <span class='ocrx_word' id='word_1_122' title='bbox 2517 2289 2780 2377; x_wconf 85' lang='lat' dir='ltr'><strong>gratias</strong></span> <span class='ocrx_word' id='word_1_123' title='bbox 2826 2312 3048 2379; x_wconf 90' lang='lat' dir='ltr'><strong>agens</strong></span> 
     </span>
     <span class='ocr_line' id='line_1_17' title="bbox 700 2395 3047 2486; baseline -0.001 -20"><span class='ocrx_word' id='word_1_124' title='bbox 700 2398 792 2466; x_wconf 95' lang='lat' dir='ltr'><strong>ob</strong></span> <span class='ocrx_word' id='word_1_125' title='bbox 854 2395 1102 2466; x_wconf 88' lang='lat' dir='ltr'><strong>medici</strong></span> <span class='ocrx_word' id='word_1_126' title='bbox 1163 2395 1270 2465; x_wconf 88' lang='lat' dir='ltr'><strong>sui</strong></span> <span class='ocrx_word' id='word_1_127' title='bbox 1330 2396 1790 2486; x_wconf 89' lang='lat' dir='ltr'><strong>proditionem</strong></span> <span class='ocrx_word' id='word_1_128' title='bbox 1856 2419 1898 2465; x_wconf 92' lang='lat' dir='ltr'><strong>a</strong></span> <span class='ocrx_word' id='word_1_129' title='bbox 1955 2395 2293 2464; x_wconf 91' lang='lat' dir='ltr'><strong>Romanis</strong></span> <span class='ocrx_word' id='word_1_130' title='bbox 2354 2395 2731 2464; x_wconf 90' lang='lat' dir='ltr'><strong>nuntiatam</strong></span> <span class='ocrx_word' id='word_1_131' title='bbox 2801 2407 3047 2485; x_wconf 91' lang='lat' dir='ltr'><strong>captos</strong></span> 
     </span>
     <span class='ocr_line' id='line_1_18' title="bbox 699 2501 3051 2594; baseline 0 -22"><span class='ocrx_word' id='word_1_132' title='bbox 699 2503 849 2573; x_wconf 91' lang='lat' dir='ltr'><strong>sine</strong></span> <span class='ocrx_word' id='word_1_133' title='bbox 894 2502 1119 2592; x_wconf 91' lang='lat' dir='ltr'><strong>pretio</strong></span> <span class='ocrx_word' id='word_1_134' title='bbox 1168 2501 1548 2586; x_wconf 85' lang='lat' dir='ltr'><strong>remiserat,</strong></span> <span class='ocrx_word' id='word_1_135' title='bbox 1613 2501 1928 2594; x_wconf 91' lang='lat' dir='ltr'><strong>captivos</strong></span> <span class='ocrx_word' id='word_1_136' title='bbox 1978 2524 2207 2591; x_wconf 90' lang='lat' dir='ltr'><strong>neque</strong></span> <span class='ocrx_word' id='word_1_137' title='bbox 2255 2501 2568 2571; x_wconf 89' lang='lat' dir='ltr'><strong>beneficii</strong></span> <span class='ocrx_word' id='word_1_138' title='bbox 2616 2503 2769 2572; x_wconf 93' lang='lat' dir='ltr'><strong>loco</strong></span> <span class='ocrx_word' id='word_1_139' title='bbox 2818 2525 3051 2593; x_wconf 89' lang='lat' dir='ltr'><strong>neque</strong></span> 
     </span>
     <span class='ocr_line' id='line_1_19' title="bbox 703 2608 3049 2702; baseline -0 -22"><span class='ocrx_word' id='word_1_140' title='bbox 703 2608 1044 2680; x_wconf 85' lang='lat' dir='ltr'><strong>mercedis</strong></span> <span class='ocrx_word' id='word_1_141' title='bbox 1091 2608 1370 2679; x_wconf 91' lang='lat' dir='ltr'><strong>nomine</strong></span> <span class='ocrx_word' id='word_1_142' title='bbox 1416 2608 1697 2680; x_wconf 91' lang='lat' dir='ltr'><strong>sceleris</strong></span> <span class='ocrx_word' id='word_1_143' title='bbox 1748 2632 1886 2680; x_wconf 90' lang='lat' dir='ltr'><strong>non</strong></span> <span class='ocrx_word' id='word_1_144' title='bbox 1935 2608 2287 2681; x_wconf 89' lang='lat' dir='ltr'><strong>commissi</strong></span> <span class='ocrx_word' id='word_1_145' title='bbox 2335 2609 2422 2679; x_wconf 91' lang='lat' dir='ltr'><strong>ab</strong></span> <span class='ocrx_word' id='word_1_146' title='bbox 2471 2610 2675 2680; x_wconf 88' lang='lat' dir='ltr'><strong>hoste</strong></span> <span class='ocrx_word' id='word_1_147' title='bbox 2721 2610 3049 2702; x_wconf 88' lang='lat' dir='ltr'><strong>accipien-</strong></span> 
     </span>
     <span class='ocr_line' id='line_1_20' title="bbox 703 2715 3045 2808; baseline 0 -23"><span class='ocrx_word' id='word_1_148' title='bbox 703 2717 833 2786; x_wconf 88' lang='lat' dir='ltr'><strong>dos</strong></span> <span class='ocrx_word' id='word_1_149' title='bbox 919 2715 1046 2785; x_wconf 91' lang='lat' dir='ltr'><strong>rati</strong></span> <span class='ocrx_word' id='word_1_150' title='bbox 1124 2715 1409 2785; x_wconf 92' lang='lat' dir='ltr'><strong>totidem</strong></span> <span class='ocrx_word' id='word_1_151' title='bbox 1490 2716 1577 2784; x_wconf 92' lang='lat' dir='ltr'><strong>de</strong></span> <span class='ocrx_word' id='word_1_152' title='bbox 1651 2716 2048 2786; x_wconf 87' lang='lat' dir='ltr'><strong>Tarentinis</strong></span> <span class='ocrx_word' id='word_1_153' title='bbox 2134 2728 2204 2785; x_wconf 92' lang='lat' dir='ltr'><strong>et</strong></span> <span class='ocrx_word' id='word_1_154' title='bbox 2279 2716 2705 2787; x_wconf 88' lang='lat' dir='ltr'><strong>Samnitibus</strong></span> <span class='ocrx_word' id='word_1_155' title='bbox 2803 2729 3045 2808; x_wconf 90' lang='lat' dir='ltr'><strong>captos</strong></span> 
     </span>
     <span class='ocr_line' id='line_1_21' title="bbox 701 2822 3049 2912; baseline 0 -20"><span class='ocrx_word' id='word_1_156' title='bbox 701 2823 852 2892; x_wconf 87' lang='lat' dir='ltr'><strong>sine</strong></span> <span class='ocrx_word' id='word_1_157' title='bbox 898 2822 1121 2912; x_wconf 90' lang='lat' dir='ltr'><strong>pretio</strong></span> <span class='ocrx_word' id='word_1_158' title='bbox 1169 2822 1623 2891; x_wconf 87' lang='lat' dir='ltr'><strong>reddiderunt</strong></span> <span class='ocrx_word' id='word_1_159' title='bbox 1643 2828 1713 2908; x_wconf 77' lang='lat'><strong>⁸).</strong></span> <span class='ocrx_word' id='word_1_160' title='bbox 1811 2822 1943 2892; x_wconf 92' lang='lat' dir='ltr'><strong>Cui</strong></span> <span class='ocrx_word' id='word_1_161' title='bbox 1991 2822 2173 2892; x_wconf 87' lang='lat' dir='ltr'><strong>facto</strong></span> <span class='ocrx_word' id='word_1_162' title='bbox 2222 2822 2632 2893; x_wconf 90' lang='lat' dir='ltr'><strong>simillimum</strong></span> <span class='ocrx_word' id='word_1_163' title='bbox 2681 2836 2831 2893; x_wconf 87' lang='lat' dir='ltr'><strong>erat</strong></span> <span class='ocrx_word' id='word_1_164' title='bbox 2877 2824 3049 2892; x_wconf 84' lang='lat' dir='ltr'><strong>hoc:</strong></span> 
     </span>
     <span class='ocr_line' id='line_1_22' title="bbox 702 2929 3051 3022; baseline 0 -22"><span class='ocrx_word' id='word_1_165' title='bbox 702 2952 858 3000; x_wconf 94' lang='lat' dir='ltr'><strong>cum</strong></span> <span class='ocrx_word' id='word_1_166' title='bbox 909 2929 1522 3018; x_wconf 87' lang='lat' dir='ltr'><strong>Carthaginienses</strong></span> <span class='ocrx_word' id='word_1_167' title='bbox 1580 2929 2214 3000; x_wconf 89' lang='lat' dir='ltr'><strong>mercennariorum</strong></span> <span class='ocrx_word' id='word_1_168' title='bbox 2262 2929 2602 3000; x_wconf 89' lang='lat' dir='ltr'><strong>seditione</strong></span> <span class='ocrx_word' id='word_1_169' title='bbox 2649 2932 2876 3022; x_wconf 90' lang='lat' dir='ltr'><strong>pressi</strong></span> <span class='ocrx_word' id='word_1_170' title='bbox 2924 2952 3051 3000; x_wconf 92' lang='lat' dir='ltr'><strong>eos</strong></span> 
     </span>
     <span class='ocr_line' id='line_1_23' title="bbox 704 3037 3052 3129; baseline 0.001 -23"><span class='ocrx_word' id='word_1_171' title='bbox 704 3037 996 3122; x_wconf 81' lang='lat' dir='ltr'><strong>ItalicoS,</strong></span> <span class='ocrx_word' id='word_1_172' title='bbox 1068 3037 1183 3128; x_wconf 89' lang='lat' dir='ltr'><strong>qui</strong></span> <span class='ocrx_word' id='word_1_173' title='bbox 1245 3038 1333 3107; x_wconf 91' lang='lat' dir='ltr'><strong>ad</strong></span> <span class='ocrx_word' id='word_1_174' title='bbox 1394 3037 1792 3107; x_wconf 93' lang='lat' dir='ltr'><strong>Poenorum</strong></span> <span class='ocrx_word' id='word_1_175' title='bbox 1855 3050 2102 3129; x_wconf 89' lang='lat' dir='ltr'><strong>portus</strong></span> <span class='ocrx_word' id='word_1_176' title='bbox 2162 3051 2521 3122; x_wconf 89' lang='lat' dir='ltr'><strong>venerant,</strong></span> <span class='ocrx_word' id='word_1_177' title='bbox 2593 3050 2668 3107; x_wconf 97' lang='lat' dir='ltr'><strong>ut</strong></span> <span class='ocrx_word' id='word_1_178' title='bbox 2728 3037 3052 3108; x_wconf 91' lang='lat' dir='ltr'><strong>hostibus</strong></span> 
     </span>
     <span class='ocr_line' id='line_1_24' title="bbox 702 3144 3054 3235; baseline 0 -22"><span class='ocrx_word' id='word_1_179' title='bbox 702 3144 951 3213; x_wconf 87' lang='lat' dir='ltr'><strong>auxilia</strong></span> <span class='ocrx_word' id='word_1_180' title='bbox 1012 3144 1290 3228; x_wconf 85' lang='lat' dir='ltr'><strong>ferrent,</strong></span> <span class='ocrx_word' id='word_1_181' title='bbox 1362 3144 1727 3235; x_wconf 89' lang='lat' dir='ltr'><strong>cepissent,</strong></span> <span class='ocrx_word' id='word_1_182' title='bbox 1802 3146 1929 3215; x_wconf 90' lang='lat' dir='ltr'><strong>sed</strong></span> <span class='ocrx_word' id='word_1_183' title='bbox 2000 3145 2196 3215; x_wconf 87' lang='lat' dir='ltr'><strong>iussu</strong></span> <span class='ocrx_word' id='word_1_184' title='bbox 2259 3145 2626 3233; x_wconf 88' lang='lat' dir='ltr'><strong>legationis</strong></span> <span class='ocrx_word' id='word_1_185' title='bbox 2688 3145 3054 3214; x_wconf 90' lang='lat' dir='ltr'><strong>Romanae</strong></span> 
     </span>
     <span class='ocr_line' id='line_1_25' title="bbox 701 3250 3053 3344; baseline -0 -23"><span class='ocrx_word' id='word_1_186' title='bbox 701 3251 1138 3335; x_wconf 90' lang='lat' dir='ltr'><strong>dimisissent,</strong></span> <span class='ocrx_word' id='word_1_187' title='bbox 1203 3251 1499 3320; x_wconf 90' lang='lat' dir='ltr'><strong>Romani</strong></span> <span class='ocrx_word' id='word_1_188' title='bbox 1561 3275 1706 3337; x_wconf 80' lang='lat' dir='ltr'><strong>eOS,</strong></span> <span class='ocrx_word' id='word_1_189' title='bbox 1776 3274 1957 3344; x_wconf 92' lang='lat' dir='ltr'><strong>quos</strong></span> <span class='ocrx_word' id='word_1_190' title='bbox 2021 3276 2061 3321; x_wconf 90' lang='lat' dir='ltr'><strong>e</strong></span> <span class='ocrx_word' id='word_1_191' title='bbox 2122 3253 2306 3321; x_wconf 92' lang='lat' dir='ltr'><strong>bello</strong></span> <span class='ocrx_word' id='word_1_192' title='bbox 2366 3250 2702 3322; x_wconf 84' lang='lat' dir='ltr'><strong>Siciliensi</strong></span> <span class='ocrx_word' id='word_1_193' title='bbox 2767 3251 2832 3320; x_wconf 92' lang='lat' dir='ltr'><strong>in</strong></span> <span class='ocrx_word' id='word_1_194' title='bbox 2895 3274 3053 3342; x_wconf 87' lang='lat' dir='ltr'><strong>cap-</strong></span> 
     </span>
     <span class='ocr_line' id='line_1_26' title="bbox 703 3358 2599 3444; baseline -0.001 -16"><span class='ocrx_word' id='word_1_195' title='bbox 703 3358 965 3428; x_wconf 89' lang='lat' dir='ltr'><strong>tivitate</strong></span> <span class='ocrx_word' id='word_1_196' title='bbox 1013 3358 1284 3428; x_wconf 89' lang='lat' dir='ltr'><strong>Romae</strong></span> <span class='ocrx_word' id='word_1_197' title='bbox 1331 3359 1699 3441; x_wconf 84' lang='lat' dir='ltr'><strong>habebant,</strong></span> <span class='ocrx_word' id='word_1_198' title='bbox 1749 3359 2006 3428; x_wconf 89' lang='lat' dir='ltr'><strong>Poenis</strong></span> <span class='ocrx_word' id='word_1_199' title='bbox 2052 3358 2508 3428; x_wconf 91' lang='lat' dir='ltr'><strong>reddiderunt</strong></span> <span class='ocrx_word' id='word_1_200' title='bbox 2530 3363 2599 3444; x_wconf 85' lang='lat'><strong>⁴).</strong></span> 
     </span>
    </p>
   </div>
   <div class='ocr_carea' id='block_1_3' title="bbox 914 3484 3162 3576">
    <p class='ocr_par' dir='ltr' id='par_1_4' title="bbox 914 3484 3162 3576">
     <span class='ocr_line' id='line_1_27' title="bbox 914 3484 3162 3576; baseline 0 -23"><span class='ocrx_word' id='word_1_201' title='bbox 914 3484 1215 3575; x_wconf 84' lang='lat' dir='ltr'><strong>Saepius</strong></span> <span class='ocrx_word' id='word_1_202' title='bbox 1264 3484 1557 3553; x_wconf 91' lang='lat' dir='ltr'><strong>Romani</strong></span> <span class='ocrx_word' id='word_1_203' title='bbox 1604 3485 1863 3554; x_wconf 86' lang='lat' dir='ltr'><strong>frustra</strong></span> <span class='ocrx_word' id='word_1_204' title='bbox 1920 3486 2396 3576; x_wconf 87' lang='lat' dir='ltr'><strong>exposcebant</strong></span> <span class='ocrx_word' id='word_1_205' title='bbox 2443 3485 2625 3553; x_wconf 94' lang='lat' dir='ltr'><strong>bello</strong></span> <span class='ocrx_word' id='word_1_206' title='bbox 2674 3497 2919 3576; x_wconf 91' lang='lat' dir='ltr'><strong>captos</strong></span> <span class='ocrx_word' id='word_1_207' title='bbox 2964 3486 3053 3553; x_wconf 92' lang='lat' dir='ltr'><strong>ab</strong></span> <span class='ocrx_word' id='word_1_208' title='bbox 3156 3548 3162 3554; x_wconf 87' lang='lat'><strong>.</strong></span> 
     </span>
    </p>
   </div>
   <div class='ocr_carea' id='block_1_4' title="bbox 702 3589 3059 3897">
    <p class='ocr_par' dir='ltr' id='par_1_5' title="bbox 702 3589 3059 3897">
     <span class='ocr_line' id='line_1_28' title="bbox 702 3589 3055 3682; baseline 0.001 -23"><span class='ocrx_word' id='word_1_209' title='bbox 702 3590 1021 3660; x_wconf 89' lang='lat' dir='ltr'><strong>hostibus</strong></span> <span class='ocrx_word' id='word_1_210' title='bbox 1038 3594 1107 3676; x_wconf 57' lang='grc' dir='ltr'><strong>ὖ).</strong></span> <span class='ocrx_word' id='word_1_211' title='bbox 1204 3589 1647 3681; x_wconf 83' lang='lat' dir='ltr'><strong>Quamquam</strong></span> <span class='ocrx_word' id='word_1_212' title='bbox 1713 3592 1955 3661; x_wconf 90' lang='lat' dir='ltr'><strong>hostes</strong></span> <span class='ocrx_word' id='word_1_213' title='bbox 2019 3614 2232 3682; x_wconf 90' lang='lat' dir='ltr'><strong>saepe</strong></span> <span class='ocrx_word' id='word_1_214' title='bbox 2292 3591 2789 3681; x_wconf 90' lang='lat' dir='ltr'><strong>promittebant</strong></span> <span class='ocrx_word' id='word_1_215' title='bbox 2836 3591 3055 3661; x_wconf 88' lang='lat' dir='ltr'><strong>reddi-</strong></span> 
     </span>
     <span class='ocr_line' id='line_1_29' title="bbox 703 3696 3055 3790; baseline -0 -23"><span class='ocrx_word' id='word_1_216' title='bbox 703 3710 900 3767; x_wconf 93' lang='lat' dir='ltr'><strong>turos</strong></span> <span class='ocrx_word' id='word_1_217' title='bbox 933 3720 1010 3766; x_wconf 90' lang='lat' dir='ltr'><strong>se</strong></span> <span class='ocrx_word' id='word_1_218' title='bbox 1055 3696 1390 3787; x_wconf 91' lang='lat' dir='ltr'><strong>captivos,</strong></span> <span class='ocrx_word' id='word_1_219' title='bbox 1440 3720 1620 3786; x_wconf 93' lang='lat' dir='ltr'><strong>quae</strong></span> <span class='ocrx_word' id='word_1_220' title='bbox 1652 3697 1928 3789; x_wconf 90' lang='lat' dir='ltr'><strong>polliciti</strong></span> <span class='ocrx_word' id='word_1_221' title='bbox 1962 3710 2179 3782; x_wconf 88' lang='lat' dir='ltr'><strong>erant,</strong></span> <span class='ocrx_word' id='word_1_222' title='bbox 2229 3722 2369 3768; x_wconf 92' lang='lat' dir='ltr'><strong>non</strong></span> <span class='ocrx_word' id='word_1_223' title='bbox 2402 3721 2681 3790; x_wconf 89' lang='lat' dir='ltr'><strong>semper</strong></span> <span class='ocrx_word' id='word_1_224' title='bbox 2730 3701 3055 3768; x_wconf 90' lang='lat' dir='ltr'><strong>observa·</strong></span> 
     </span>
     <span class='ocr_line' id='line_1_30' title="bbox 704 3803 3059 3897; baseline 0 -23"><span class='ocrx_word' id='word_1_225' title='bbox 704 3807 869 3874; x_wconf 91' lang='lat' dir='ltr'><strong>bant</strong></span> <span class='ocrx_word' id='word_1_226' title='bbox 888 3808 958 3890; x_wconf 81' lang='lat'><strong>⁰).</strong></span> <span class='ocrx_word' id='word_1_227' title='bbox 1055 3804 1303 3894; x_wconf 89' lang='lat' dir='ltr'><strong>Neque</strong></span> <span class='ocrx_word' id='word_1_228' title='bbox 1337 3827 1496 3873; x_wconf 92' lang='lat' dir='ltr'><strong>raro</strong></span> <span class='ocrx_word' id='word_1_229' title='bbox 1546 3803 1776 3888; x_wconf 90' lang='lat' dir='ltr'><strong>fiebat,</strong></span> <span class='ocrx_word' id='word_1_230' title='bbox 1826 3817 1900 3874; x_wconf 93' lang='lat' dir='ltr'><strong>ut</strong></span> <span class='ocrx_word' id='word_1_231' title='bbox 1931 3805 2196 3888; x_wconf 86' lang='lat' dir='ltr'><strong>hostes,</strong></span> <span class='ocrx_word' id='word_1_232' title='bbox 2249 3805 2569 3897; x_wconf 91' lang='lat' dir='ltr'><strong>quamvis</strong></span> <span class='ocrx_word' id='word_1_233' title='bbox 2617 3828 2928 3875; x_wconf 92' lang='lat' dir='ltr'><strong>omnes</strong></span> <span class='ocrx_word' id='word_1_234' title='bbox 2975 3828 3059 3875; x_wconf 90' lang='lat' dir='ltr'><strong>se</strong></span> 
     </span>
    </p>
   </div>
   <div class='ocr_carea' id='block_1_5' title="bbox 706 3971 1136 3980">
    <p class='ocr_par' dir='ltr' id='par_1_6' title="bbox 706 3971 1136 3980">
     <span class='ocr_line' id='line_1_31' title="bbox 706 3971 1136 3980; baseline 0 1370"><span class='ocrx_word' id='word_1_235' title='bbox 706 3971 1136 3980; x_wconf 95' lang='lat' dir='ltr'><strong> </strong></span> 
     </span>
    </p>
   </div>
   <div class='ocr_carea' id='block_1_6' title="bbox 704 4054 3061 4217">
    <p class='ocr_par' dir='ltr' id='par_1_7' title="bbox 704 4054 3061 4217">
     <span class='ocr_line' id='line_1_32' title="bbox 704 4054 3061 4199; baseline -0.001 -86"><span class='ocrx_word' id='word_1_236' title='bbox 704 4143 802 4199; x_wconf 75' lang='lat' dir='ltr'><strong>An</strong></span> <span class='ocrx_word' id='word_1_237' title='bbox 921 4054 962 4127; x_wconf 89' lang='lat'><strong>¹)</strong></span> <span class='ocrx_word' id='word_1_238' title='bbox 1000 4054 1197 4111; x_wconf 88' lang='lat' dir='ltr'><strong>lustin.</strong></span> <span class='ocrx_word' id='word_1_239' title='bbox 1236 4073 1324 4127; x_wconf 83' lang='lat'><strong>42,</strong></span> <span class='ocrx_word' id='word_1_240' title='bbox 1370 4072 1423 4128; x_wconf 86' lang='lat'><strong>5,</strong></span> <span class='ocrx_word' id='word_1_241' title='bbox 1481 4073 1577 4125; x_wconf 74' lang='lat'><strong>115</strong></span> <span class='ocrx_word' id='word_1_242' title='bbox 1644 4055 1713 4111; x_wconf 90' lang='lat' dir='ltr'><strong>cf.</strong></span> <span class='ocrx_word' id='word_1_243' title='bbox 1754 4055 1920 4113; x_wconf 68' lang='lat' dir='ltr'><strong>Cass</strong></span> <span class='ocrx_word' id='word_1_244' title='bbox 1960 4055 2089 4112; x_wconf 93' lang='lat' dir='ltr'><strong>Dio.</strong></span> <span class='ocrx_word' id='word_1_245' title='bbox 2128 4076 2217 4129; x_wconf 89' lang='lat'><strong>49,</strong></span> <span class='ocrx_word' id='word_1_246' title='bbox 2255 4075 2343 4129; x_wconf 85' lang='lat'><strong>24,</strong></span> <span class='ocrx_word' id='word_1_247' title='bbox 2395 4074 2430 4130; x_wconf 87' lang='lat'>5</span> <span class='ocrx_word' id='word_1_248' title='bbox 2442 4074 2459 4127; x_wconf 89' lang='lat'>;</span> <span class='ocrx_word' id='word_1_249' title='bbox 2515 4073 2602 4130; x_wconf 85' lang='lat'><strong>53,</strong></span> <span class='ocrx_word' id='word_1_250' title='bbox 2641 4074 2727 4128; x_wconf 86' lang='lat'><strong>33,</strong></span> <span class='ocrx_word' id='word_1_251' title='bbox 2779 4075 2814 4113; x_wconf 85' lang='lat'><strong>2</strong></span> <span class='ocrx_word' id='word_1_252' title='bbox 2825 4074 2841 4126; x_wconf 68' lang='grc' dir='ltr'><strong><em>ς</em></strong></span> <span class='ocrx_word' id='word_1_253' title='bbox 2906 4056 3061 4113; x_wconf 91' lang='lat' dir='ltr'><strong>Plut.</strong></span> 
     </span>
     <span class='ocr_line' id='line_1_33' title="bbox 805 4151 1061 4217; baseline 0.004 -19"><span class='ocrx_word' id='word_1_254' title='bbox 805 4151 844 4198; x_wconf 91' lang='lat' dir='ltr'><strong>t.</strong></span> <span class='ocrx_word' id='word_1_255' title='bbox 881 4161 971 4217; x_wconf 82' lang='lat'><strong>37,</strong></span> <span class='ocrx_word' id='word_1_256' title='bbox 1013 4162 1061 4199; x_wconf 94' lang='lat'><strong>1.</strong></span> 
     </span>
    </p>
   </div>
   <div class='ocr_carea' id='block_1_7' title="bbox 703 4251 3065 4505">
    <p class='ocr_par' dir='ltr' id='par_1_8' title="bbox 703 4251 3065 4505">
     <span class='ocr_line' id='line_1_34' title="bbox 919 4251 3059 4326; baseline 0.001 -19"><span class='ocrx_word' id='word_1_257' title='bbox 919 4251 963 4322; x_wconf 74' lang='lat'><strong>²²)</strong></span> <span class='ocrx_word' id='word_1_258' title='bbox 1004 4252 1244 4324; x_wconf 89' lang='lat' dir='ltr'><strong>Eutrop.</strong></span> <span class='ocrx_word' id='word_1_259' title='bbox 1266 4270 1316 4323; x_wconf 85' lang='lat'><strong>2,</strong></span> <span class='ocrx_word' id='word_1_260' title='bbox 1356 4270 1444 4325; x_wconf 87' lang='lat'><strong>27,</strong></span> <span class='ocrx_word' id='word_1_261' title='bbox 1481 4254 1590 4326; x_wconf 84' lang='grc'><strong>314.</strong></span> <span class='ocrx_word' id='word_1_262' title='bbox 1637 4286 1693 4294; x_wconf 90' lang='grc'><strong>-</strong></span> <span class='ocrx_word' id='word_1_263' title='bbox 1743 4252 1790 4323; x_wconf 87' lang='lat'><strong>⁸)</strong></span> <span class='ocrx_word' id='word_1_264' title='bbox 1826 4254 1976 4309; x_wconf 93' lang='lat' dir='ltr'><strong>Plut.</strong></span> <span class='ocrx_word' id='word_1_265' title='bbox 1997 4253 2209 4326; x_wconf 90' lang='lat' dir='ltr'><strong>Pyrrh.</strong></span> <span class='ocrx_word' id='word_1_266' title='bbox 2248 4272 2336 4325; x_wconf 87' lang='lat'><strong>21,</strong></span> <span class='ocrx_word' id='word_1_267' title='bbox 2373 4270 2437 4326; x_wconf 71' lang='lat'><strong>55</strong></span> <span class='ocrx_word' id='word_1_268' title='bbox 2475 4253 2633 4326; x_wconf 91' lang='lat' dir='ltr'><strong>App.</strong></span> <span class='ocrx_word' id='word_1_269' title='bbox 2651 4253 2854 4309; x_wconf 87' lang='lat' dir='ltr'><strong>Samn.</strong></span> <span class='ocrx_word' id='word_1_270' title='bbox 2884 4271 2970 4309; x_wconf 91' lang='lat'><strong>11.</strong></span> <span class='ocrx_word' id='word_1_271' title='bbox 2997 4285 3059 4296; x_wconf 91' lang='lat'><strong>—-</strong></span> 
     </span>
     <span class='ocr_line' id='line_1_35' title="bbox 704 4340 3065 4418; baseline 0.002 -22"><span class='ocrx_word' id='word_1_272' title='bbox 704 4340 749 4411; x_wconf 86' lang='lat'><strong>⁴)</strong></span> <span class='ocrx_word' id='word_1_273' title='bbox 787 4341 995 4412; x_wconf 87' lang='lat' dir='ltr'><strong>Polyb.</strong></span> <span class='ocrx_word' id='word_1_274' title='bbox 1041 4358 1085 4409; x_wconf 87' lang='lat'><strong>1,</strong></span> <span class='ocrx_word' id='word_1_275' title='bbox 1121 4343 1210 4413; x_wconf 92' lang='grc'><strong>83,</strong></span> <span class='ocrx_word' id='word_1_276' title='bbox 1248 4343 1356 4415; x_wconf 85' lang='grc'><strong>718.</strong></span> <span class='ocrx_word' id='word_1_277' title='bbox 1403 4374 1459 4383; x_wconf 93' lang='grc'><strong>-</strong></span> <span class='ocrx_word' id='word_1_278' title='bbox 1506 4341 1548 4413; x_wconf 84' lang='lat'><strong>⁸)</strong></span> <span class='ocrx_word' id='word_1_279' title='bbox 1588 4342 1754 4398; x_wconf 77' lang='lat' dir='ltr'><strong>CasS.</strong></span> <span class='ocrx_word' id='word_1_280' title='bbox 1794 4341 1924 4398; x_wconf 93' lang='lat' dir='ltr'><strong>Dio.</strong></span> <span class='ocrx_word' id='word_1_281' title='bbox 1965 4342 2072 4416; x_wconf 84' lang='lat' dir='ltr'><strong>frg.</strong></span> <span class='ocrx_word' id='word_1_282' title='bbox 2110 4358 2342 4418; x_wconf 84' lang='lat'><strong>30—35,</strong></span> <span class='ocrx_word' id='word_1_283' title='bbox 2385 4360 2504 4401; x_wconf 89' lang='lat'><strong>111.</strong></span> <span class='ocrx_word' id='word_1_284' title='bbox 2550 4375 2606 4385; x_wconf 89' lang='lat'><em>-</em></span> <span class='ocrx_word' id='word_1_285' title='bbox 2651 4342 2695 4414; x_wconf 80' lang='lat'><strong>‘)</strong></span> <span class='ocrx_word' id='word_1_286' title='bbox 2736 4341 2901 4399; x_wconf 65' lang='lat' dir='ltr'><strong>Cass</strong></span> <span class='ocrx_word' id='word_1_287' title='bbox 2927 4341 3065 4402; x_wconf 91' lang='lat' dir='ltr'><strong>Dio.</strong></span> 
     </span>
     <span class='ocr_line' id='line_1_36' title="bbox 703 4429 1656 4505; baseline 0.003 -21"><span class='ocrx_word' id='word_1_288' title='bbox 703 4429 812 4505; x_wconf 89' lang='lat' dir='ltr'><strong>frg.</strong></span> <span class='ocrx_word' id='word_1_289' title='bbox 855 4447 937 4501; x_wconf 83' lang='lat'><strong>12,</strong></span> <span class='ocrx_word' id='word_1_290' title='bbox 976 4447 1064 4504; x_wconf 88' lang='lat'><strong>49,</strong></span> <span class='ocrx_word' id='word_1_291' title='bbox 1101 4447 1165 4502; x_wconf 73' lang='lat'><strong>55</strong></span> <span class='ocrx_word' id='word_1_292' title='bbox 1204 4430 1348 4488; x_wconf 91' lang='lat' dir='ltr'><strong>Zon.</strong></span> <span class='ocrx_word' id='word_1_293' title='bbox 1386 4433 1438 4503; x_wconf 90' lang='grc'><strong>8,</strong></span> <span class='ocrx_word' id='word_1_294' title='bbox 1481 4449 1564 4504; x_wconf 89' lang='lat'><strong>19,</strong></span> <span class='ocrx_word' id='word_1_295' title='bbox 1602 4451 1656 4505; x_wconf 92' lang='lat'><strong>4.</strong></span> 
     </span>
    </p>
   </div>
  </div>
 </body>
</html>
