3467 5350
1681 571 1948 636 -24
2044 588 2144 603 ,...

727 744 1125 834 gnationem
1189 755 1259 812 et
1318 744 1606 835 imperio
1669 767 1750 813 ac
1815 742 2009 812 minis
2070 744 2138 811 in
2186 742 2798 833 oppugnatione¹).
2890 741 3074 829 Quin

724 853 929 920 etiarn
990 851 1372 942 praemium
1435 851 1619 919 militi
1683 852 2026 919 interdum
2091 849 2390 920 edictum
2440 862 2567 930 est,
2632 850 2744 940 qui
2806 852 3077 920 hostem

726 972 1000 1050 captum
1075 971 1435 1027 servasset
1461 964 1530 1045 ²).
1652 959 1731 1029 si
1808 982 1945 1050 qua
2019 960 2187 1027 urbs
2266 960 2835 1050 oppugnabatur,
2917 982 3080 1028 non-

724 1090 1102 1156 numquam
1193 1067 1421 1149 fiebat,
1502 1078 1576 1134 ut
1653 1067 1795 1135 dux
1886 1089 2012 1157 per
2090 1089 2507 1157 praeconem
2589 1066 2909 1135 omnibus
2990 1067 3080 1134 in-

724 1174 891 1243 colis
962 1174 1128 1265 ipsis
1197 1174 1679 1264 pronuntiaret
1748 1174 2303 1258 incolumitatem,
2378 1175 2506 1242 sed
2578 1174 2894 1243 hostibus
2968 1174 3085 1242 vel

721 1281 1070 1372 praesidio
1104 1282 1296 1351 urbis
1334 1282 1510 1351 illius
1557 1304 1830 1351 omnem
1867 1282 2112 1350 veniae
2157 1304 2352 1372 spem
2406 1281 2760 1350 adimeret.
2856 1281 3083 1350 Etiam

723 1389 1065 1459 Hannibal
1131 1401 1415 1459 secutus
1481 1401 1589 1459 est
1654 1391 1831 1459 hanc
1901 1390 2235 1458 rationem
2261 1392 2334 1479 3).
2442 1389 2640 1458 Miles
2706 1388 3088 1478 gregarius

721 1509 795 1564 ut
841 1497 1091 1566 avidus
1140 1509 1245 1566 est
1295 1497 1548 1580 caediS,
1596 1497 1919 1588 perfacile
1966 1498 2185 1566 Marte
2234 1501 2594 1567 saeviente
2642 1496 2871 1565 omnia
2921 1496 3086 1565 belli
3133 1586 3137 1593 .

720 1603 869 1671 iura
917 1604 1301 1693 neglegens
1349 1605 1655 1673 furorem
1704 1605 2029 1673 transfert
2072 1605 2275 1673 etiam
2323 1605 2389 1672 in
2447 1604 2779 1678 insontes,
2873 1604 3086 1673 Titus

722 1710 1216 1800 Hierosolyma
1287 1733 1674 1800 aggressus
1746 1734 1872 1781 eos
1942 1713 2162 1795 solos,
2237 1713 2352 1800 qui
2424 1711 2487 1780 in
2561 1711 2769 1780 armis
2840 1724 3086 1781 essent

721 1819 1179 1906 manibusque
1227 1818 1652 1898 resisterent,
1688 1817 1910 1886 occidi
1933 1818 2146 1901 iussit,
2198 1818 2533 1907 reliquam
2563 1840 2736 1886 vero
2783 1819 3084 1888 multitu-

720 1924 944 1992 dinem
994 1925 1225 1993 vivam
1263 1926 1434 2015 capi.
1529 1924 1778 1994 Milites
1826 1938 2054 1993 autem
2085 1947 2240 1993 curn
2291 1926 2415 2006 his,
2457 1948 2635 2015 quos
2683 1925 3082 1996 interficere

718 2031 883 2100 iussi
916 2044 1129 2114 erant,
1163 2033 1365 2101 etiam
1397 2054 1604 2101 senes
1631 2054 1710 2100 ac
1738 2032 2001 2100 debiles
2027 2031 2463 2101 trucidabant
2477 2033 2543 2122 ⁴).
2582 2031 3078 2118 Callistratum,

720 2138 835 2226 qui
860 2162 901 2206 a
927 2139 1215 2208 secretis
1240 2139 1652 2208 Mithridatis
1691 2139 1885 2228 regis
1914 2151 2082 2222 erat,
2134 2139 2384 2208 adduci
2411 2140 2498 2207 ad
2526 2139 2887 2209 Lucullum
2915 2141 3082 2211 mili-

719 2255 824 2314 tes
857 2244 1026 2315 iussi
1057 2246 1566 2336 iugulaverunt,
1619 2269 1774 2315 cum
1810 2247 1874 2314 in
1910 2269 2088 2314 zona
2139 2247 2560 2336 quingentos
2609 2270 2865 2317 aureos
2913 2272 3073 2318 eum

720 2353 978 2422 habere
1039 2365 1401 2443 putassent
1421 2358 1492 2442 ⁵).
1597 2354 1849 2444 Neque
1910 2365 2175 2421 taceam
2238 2355 2373 2422 hoc
2432 2355 2589 2422 loco
2647 2356 2736 2422 de
2792 2355 3076 2425 Lochae

720 2459 912 2528 urbis
961 2460 1132 2528 tristi
1180 2473 1370 2529 sorte
1415 2465 1497 2550 (a.
1548 2485 1697 2550 204.
1750 2486 1809 2530 a.
1839 2461 2067 2543 Chr.):
2118 2464 2609 2551 ἐπεκηρυκεύοντο
2660 2466 2943 2552 ἐκλείψειν
2964 2467 3075 2552 τὴν

718 2569 884 2632 πόλιν
933 2568 1292 2647 ὑπόσπονδοι,
1337 2572 1431 2633 καὶ
1479 2572 1508 2633 ὁ
1553 2570 1808 2635 Σκιπίων
1868 2572 2137 2634 ἀνεκάλει
2184 2568 2261 2655 τῇ
2307 2572 2569 2656 σάλπιγγι
2616 2572 2725 2658 τὴν
2774 2580 3070 2661 στρατιάν.

716 2680 755 2763 ἧ
783 2673 834 2740 >3⁹
863 2678 972 2765 οὐχ
996 2675 1282 2764 ὑπήκουεν
1309 2678 1402 2741 ὑπ’
1430 2682 1637 2766 ὀργῆς,
1665 2680 1748 2741 ὦν
1773 2680 2186 2758 ἐπεπόνθεσαν,
2208 2679 2347 2743 ἀλλ’
2371 2680 2674 2764 ἐπιβάντες
2698 2690 2831 2757 τοῖς
2860 2686 3072 2770 τείχεσι

716 2785 811 2847 καὶ
859 2786 1061 2869 γύναια
1106 2786 1199 2848 καὶ
1245 2786 1437 2849 παιδία
1483 2790 1889 2874 κατέσφαττον
1909 2789 1979 2869 ⁶).
2098 2784 2243 2854 Sed
2315 2784 2550 2875 Scipio
2622 2787 3072 2855 vehementer

717 2888 1203 2959 animadvertit
1278 2890 1345 2958 in
1422 2892 1704 2960 noxios:
1786 2893 1933 2970 τοὺς
2008 2896 2328 2983 λοχαγούς,
2411 2897 2532 2959 ὅσοι
2608 2893 3068 2985 συνεξήμαρτον,

715 2999 1054 3087 ἐκλήρωσεν
1112 3000 1173 3063 ἐν
1220 3001 1307 3087 τῷ
1356 3004 1516 3087 μέσῳ
1563 3003 1656 3065 καὶ
1704 3011 1869 3089 τρεῖς
1915 3001 2063 3076 τοὺς
2121 3004 2428 3090 λαχόντας
2497 3003 2746 3068 ἐκόλασε
2803 3005 3066 3090 θανάτῳ.

717 3102 901 3190 Quin
953 3104 1155 3172 etiam
1205 3104 1506 3174 iumenta
1566 3130 1606 3176 a
1670 3107 1994 3177 militibus
2058 3110 2157 3177 ira
2206 3109 2703 3199 obstupefactis
2752 3109 3070 3178 dicuntur

717 3211 1055 3280 trucidata
1102 3234 1262 3282 esse
1290 3216 1356 3301 ⁷).
1452 3213 1585 3282 Vel
1647 3215 1943 3283 maxima
1993 3215 2347 3306 disciplina
2396 3217 2671 3300 corruit,
2736 3239 2889 3286 cum
2956 3216 3067 3285 mi·

713 3317 864 3387 lites
948 3320 1183 3389 furore
1273 3333 1584 3391 amentes
1662 3321 2081 3393 ulciscantur
2156 3323 2604 3412 ignominiam
2687 3337 3062 3413 acceptam.

714 3425 917 3511 Quae
949 3426 1217 3496 licentia
1250 3429 1789 3500 luculentissime
1831 3443 2137 3522 apparet,
2184 3454 2338 3498 curn
2390 3430 2615 3498 absint
2662 3431 2898 3511 duces,
2950 3427 3065 3515 qui

713 3532 907 3601 caedi
963 3536 1430 3610 moderentur.
1529 3537 1710 3606 Cum
1760 3544 1843 3623 (a.
1893 3559 2025 3626 314
2073 3559 2133 3604 a.
2185 3535 2375 3619 Chr.)
2442 3546 2685 3603 contra
2731 3536 3061 3602 Ausones

711 3640 1178 3728 pugnabatur,
1230 3643 1637 3712 absentibus
1686 3643 1980 3713 ducibus
2023 3642 2320 3733 impetus
2371 3655 2480 3711 est
2528 3642 2781 3709 factus:
2832 3640 3064 3729 itaque

928 3874 967 3944 ¹)
1008 3874 1136 3931 Liv.
1174 3893 1226 3946 9,
1269 3894 1352 3947 14,
1390 3879 1542 3947 9l123
1581 3879 1667 3947 26,
1706 3878 1795 3947 46,
1836 3896 1919 3932 10.

926 3962 968 4035 ²)
1007 3965 1156 4020 Plut.
1196 3966 1357 4021 Brut.
1396 3985 1484 4038 31,
1521 3985 1572 4038 3.

927 4053 967 4123 ⁸)
1008 4054 1076 4109 cf.
1115 4055 1321 4127 Polyb.
1362 4056 1470 4128 frg.
1507 4058 1560 4127 8,
1598 4076 1686 4128 32,
1728 4059 1836 4128 314.

920 4143 966 4214 ⁴)
1006 4144 1235 4216 Ioseph.
1276 4147 1329 4200 b.
1370 4146 1408 4202 Ι.
1447 4147 1499 4216 6,
1538 4165 1590 4217 9,
1629 4165 1664 4201 2
1677 4165 1692 4216 ;
1733 4146 1803 4201 cf.
1841 4147 1951 4203 Ios.
1993 4156 2108 4203 ant.
2147 4148 2271 4203 Iud.
2315 4164 2398 4217 14,
2440 4148 2523 4215 16,
2562 4162 2612 4199 2.

923 4233 965 4304 ι5)
1005 4234 1153 4289 Plut.
1191 4236 1331 4291 Luc.
1374 4255 1458 4309 17,
1495 4238 1548 4292 8.
1972 4225 1975 4229 Δ

920 4322 964 4393 Β)
1004 4322 1259 4396 Appian.
1297 4325 1423 4381 Lib.
1467 4343 1550 4397 15.

922 4411 964 4482 ”)
1002 4412 1130 4468 Liv.
1169 4432 1221 4484 9,
1263 4432 1346 4485 14,
1384 4416 1527 4486 9111.

3419 3309 3431 3473 Q*—
