3467 5350
1715 570 1799 577 --
1891 529 2155 618 53..-

764 727 994 791 caedes
1022 726 1278 813 stupris·
1310 727 1755 791 mzzvcerentur
1774 725 1841 813 ¹).
1936 723 2123 810 Quid
2158 724 2549 815 Spartaci
2596 747 2909 794 servos
2960 746 3110 793 cum

764 831 1114 915 caedibuS,
1152 831 1506 915 incendiiS,
1549 831 1804 921 rapinis
1837 831 2239 922 stuprisque
2275 831 2505 900 omnia
2537 831 2902 901 miscuisse
2936 853 3114 900 com-

763 961 1143 1007 memorem
1164 943 1231 1023 2),
1296 961 1450 1007 cum
1499 937 1991 1009 Pleminius
2038 940 2310 1028 legatus
2357 939 2811 1009 Locrensium
2859 940 3113 1008 liberos

763 1067 844 1114 ac
910 1032 1247 1135 coniuges
1309 1058 1631 1138 stuprare
1697 1046 1963 1116 veritus
2027 1069 2165 1116 non
2224 1046 2311 1116 sit
2333 1047 2431 1130 ⁸)‘?
2537 1046 2677 1132 Qui
2740 1069 2780 1115 a
2825 1045 3115 1115 Valente

762 1153 930 1222 iussi
995 1165 1192 1222 erant
1255 1154 1560 1244 Scythas
1621 1153 1689 1223 in
1754 1154 1930 1223 fines
1997 1153 2261 1244 imperii
2323 1154 2655 1245 recipere,
2727 1153 2888 1222 nihil
2934 1153 3110 1221 aliud

763 1274 1078 1351 egerunt,
1159 1285 1366 1352 quam
1428 1273 1506 1331 ut
1580 1262 1919 1352 elegantis
1994 1261 2258 1331 formae
2337 1262 2659 1332 mulieres
2735 1261 3115 1350 deligerent

763 1380 833 1437 et
899 1392 1160 1460 pueros
1229 1369 1581 1440 formosos
1653 1371 1741 1438 ad
1814 1392 2014 1439 usum
2097 1369 2528 1439 obscoenum
2603 1371 3111 1453 venarentur⁴).

764 1474 1208 1546 Proculus
1256 1476 1404 1568 ipse
1452 1478 1794 1567 gloriatus
1841 1489 1949 1546 est
1997 1489 2271 1547 centum
2305 1500 2393 1545 ex
2425 1474 2772 1548 Sarmatia
2804 1474 3113 1565 virgines

763 1605 844 1651 se
915 1584 1186 1674 cepisse
1256 1597 1464 1674 atque
1529 1607 1618 1653 ex
1682 1584 1788 1653 his
1855 1607 1992 1653 una
2056 1597 2262 1653 nocte
2324 1586 2564 1653 decem
2627 1582 2835 1653 inisse
2855 1587 2927 1668 ε5).
3016 1583 3114 1652 At

763 1689 1205 1760 Hannibal
1281 1704 1538 1760 tantam
1607 1691 1824 1761 fertur
1894 1691 2223 1761 habuisse
2296 1690 2690 1782 pudicitiam
2767 1690 2942 1760 inter
3013 1701 3115 1759 tot

764 1797 1093 1887 captivas,
1144 1806 1226 1865 ut
1253 1801 1327 1865 in
1358 1801 1606 1887 Africa
1650 1807 1890 1866 natum
1941 1802 2161 1888 quivis*
2206 1804 2574 1887 negaretss).
2669 1798 2931 1867 Eadem
2964 1799 3112 1867 laus

764 1904 1162 1995 Scipioni
1210 1905 1633 1974 Africano
1695 1907 2023 1976 maiori
2070 1907 2594 1990 attribuebatur,
2667 1909 2791 1994 qui
2830 1908 3115 1994 captivos

754 2022 1005 2100 pueros
1013 2016 1414 2102 puellasque
1418 2017 1831 2103 praecipuae
1838 2018 2378 2104 pulchritudinis·
2399 2018 2695 2083 barbaris·
2715 2016 3111 2088 restitueret,

764 2144 852 2186 ne
876 2122 948 2186 in
982 2129 1401 2209 conspectum
1431 2147 1634 2189 suum
1667 2125 1935 2210 quidem
1958 2134 2205 2212 passus
2247 2127 2514 2200 adduci,
2563 2148 2652 2191 ne
2679 2125 2851 2211 quid
2873 2124 2954 2188 de
2986 2123 3115 2188 vir-

754 2230 1068 2314 ginitatis·
1096 2231 1485 2317 zbztegrz'tate
1513 2232 1833 2297 delibasse
1858 2234 2083 2297 saltim
2113 2234 2321 2299 ocultis·
2348 2233 2695 2298 videretur
2713 2233 2780 2314 7).
2829 2228 3118 2299 Summa

768 2334 1143 2404 severitate
1206 2335 1676 2406 Sertorius
1739 2337 1805 2406 in
1871 2356 1995 2407 eos
2056 2336 2559 2420 animadvertit,
2625 2336 2744 2426 qui
2803 2347 3116 2425 stuprum

765 2437 1052 2529 virginis
1125 2443 1703 2533 commiserantfl).
1803 2444 2220 2537 Pompeio
2292 2444 2476 2515 laudi
2540 2443 2849 2527 vertitur,
2925 2441 3114 2531 quod

764 2547 1079 2635 pellicum
1130 2550 1540 2620 Mithridatis
1605 2552 1768 2620 nulli
1824 2575 2081 2643 corpus
2130 2552 2398 2621 miscuit
2419 2557 2491 2637 ⁹).
2607 2551 2807 2622 Unus
2855 2573 2895 2619 e
2942 2549 3109 2619 Cae-

764 2654 1037 2725 saribus
1071 2670 1360 2750 propter
1392 2659 1783 2751 pudicitiam
1820 2661 2134 2731 laudibus
2168 2662 2557 2730 celebratur
2589 2658 3112 2744 Iulianus¹⁰).

978 2766 1267 2836 Addere
1339 2767 1558 2851 liceat,
1652 2790 1834 2857 quae
1911 2768 2140 2838 inveni
2219 2770 2307 2838 de
2382 2768 2599 2859 captis
2675 2767 2739 2836 in
2815 2764 3114 2835 matri-

766 2872 1138 2942 monium
1188 2874 1434 2944 ductis.
1533 2875 1641 2944 De
1690 2876 1904 2966 raptis
1936 2875 2358 2946 Sabinorum
2408 2873 2676 2944 feminis
2722 2873 2951 2944 fabula
3000 2871 3115 2941 ob·

764 2979 1035 3048 scurior
1095 2994 1220 3064 est,
1290 3005 1498 3072 quam
1559 2994 1635 3051 ut
1695 3007 1785 3052 ex
1834 2984 1963 3052 hac
2010 2995 2209 3075 parte
2256 2981 2563 3073 cognitio
2611 3003 2843 3051 rerum
2891 2978 3113 3072 possit

765 3087 1006 3174 augeri
1031 3092 1127 3175 11).
1220 3088 1364 3158 Sed
1428 3090 1612 3158 haud
1674 3090 1872 3179 parvi
1921 3091 2248 3159 momenti
2298 3103 2403 3158 est
2450 3087 2806 3158 historiola
2854 3088 2941 3155 de
2988 3086 3112 3156 So·

763 3192 1089 3282 phoniba,
1161 3195 1507 3287 Syphacis
1557 3196 1876 3285 coniuge.
1984 3196 2279 3287 Syphax
2343 3196 2494 3287 ipse
2566 3218 2720 3264 cum
2795 3216 3013 3263 uxore
3073 3216 3113 3262 a

763 3297 1148 3387 Masinissa,
1198 3302 1678 3373 Romanorum
1713 3317 1857 3373 tum
1890 3304 2106 3388 socio,
2158 3316 2400 3395 captus
2442 3316 2609 3372 erat.
2703 3301 3113 3393 Sophoniba

765 3408 947 3477 hunc
995 3410 1223 3478 oravit
1266 3411 1820 3502 obsecravitque,
1891 3435 1977 3480 ne
2023 3412 2418 3480 traderetur
2466 3409 2825 3480 Romanis,
2917 3407 3114 3478 Masi·

765 3514 970 3599 nissa,
1035 3530 1108 3585 ut
1169 3530 1318 3586 erat
1371 3541 1709 3610 praeceps
1768 3518 1833 3587 in
1884 3518 2252 3603 Venerem,
2318 3540 2558 3588 amore
2625 3531 2891 3608 captus,
2952 3515 3113 3583 data

765 3623 1011 3691 dextra
1041 3623 1107 3691 in
1142 3624 1231 3708 id,
1271 3627 1459 3713 quod
1493 3627 1877 3716 petebatur,
1914 3626 2332 3714 obligandae
2364 3625 2527 3694 fidei
2560 3625 2623 3693 in
2660 3623 2923 3712 regiam
2959 3642 3113 3690 con·

767 3730 970 3800 cedit.
1045 3732 1227 3801 Tum
1253 3755 1427 3801 vero
1453 3744 1777 3822 reputare
1803 3755 2038 3801 secum
2068 3732 2217 3823 ipse
2244 3732 2491 3821 coepit,
2524 3729 3111 3821 quemadmodum

985 3946 1024 4016 ¹)
1064 3946 1247 4003 Tacit.
1288 3947 1419 4004 hist.
1457 3965 1510 4019 3,
1547 3966 1634 4019 33.
1662 3981 1718 3990 —
1749 3948 1792 4019 ²)
1834 3949 2005 4004 Oros‚
2045 3964 2096 4020 5,
2136 3967 2222 4019 24,
2260 3967 2312 4021 3.
2342 3982 2396 3989 —
2432 3946 2474 4018 ⁸)
2512 3947 2640 4002 Liv.
2679 3964 2765 4017 29,
2807 3963 2890 4017 17,
2933 3960 3014 4015 15.
3052 3975 3109 3984 -

766 4034 810 4106 ⁴)
831 4035 965 4092 Zos.
985 4055 1036 4107 4,
1057 4056 1143 4106 20,
1162 4039 1213 4092 6.
1237 4071 1291 4078 —
1312 4037 1539 4108 ³)F1av.
1554 4038 1791 4110 Vopisc.
1806 4038 1974 4093 Proc.
1999 4056 2082 4093 12.
2104 4071 2158 4078 —
2184 4035 2228 4107 ⁸)
2250 4038 2445 4093 lustin.
2457 4054 2544 4109 32,
2566 4055 2617 4107 4,
2641 4054 2724 4092 11.
2743 4067 2798 4076 -
2822 4034 2865 4105 ⁷)
2885 4034 3118 4090 Iordan.

765 4124 936 4181 Rom.
979 4144 1106 4197 1993
1143 4127 1190 4182 F
1194 4127 1299 4183 lor.
1316 4145 1368 4196 2,
1404 4131 1458 4197 6,
1496 4146 1569 4200 40
1579 4144 1595 4196 3
1634 4128 1835 4184 Front.
1858 4136 2020 4184 strat.
2047 4145 2099 4197 2,
2129 4145 2212 4198 10,
2232 4144 2283 4199 5.
2311 4160 2368 4168 -
2395 4126 2439 4197 ⁸)
2478 4126 2736 4198 Appian.
2756 4127 2813 4183 b.
2841 4143 2889 4181 c.
2912 4142 2961 4194 1,
2994 4139 3116 4194 109.

980 4216 1026 4287 ⁹)
1064 4217 1213 4272 Plut.
1251 4218 1460 4289 Pomp.
1498 4221 1586 4288 36,
1624 4236 1660 4273 2
1672 4235 1688 4287 ;
1728 4217 1872 4273 Zon.
1915 4235 1997 4288 10,
2036 4235 2088 4287 4.
2134 4249 2190 4258 —
2241 4216 2308 4287 ¹⁰)
2347 4215 2642 4271 Ammian.
2681 4233 2767 4286 24,
2805 4232 2857 4284 4,
2895 4230 2980 4285 27.

987 4306 1053 4375 ¹¹)
1091 4306 1217 4361 Liv.
1260 4324 1306 4377 1,
1344 4324 1405 4377 93
1444 4306 1594 4362 Plut.
1632 4306 1807 4362 Rom.
1848 4324 1915 4377 14
1928 4324 1944 4377 ;
1982 4305 2152 4361 Dion.
2191 4305 2324 4362 Hal.
2362 4323 2414 4375 2,
2451 4322 2547 4376 303
2597 4304 2837 4375 Eutrop.
2878 4320 2926 4371 1,
2964 4318 3015 4371 2,
3051 4318 3123 4371 23

767 4397 843 4453 de
882 4395 990 4453 vir.
1030 4395 1105 4452 ill.
1144 4414 1194 4467 2,
1233 4414 1296 4467 2;
1335 4397 1480 4453 Zon.
1519 4415 1570 4471 7,
1608 4414 1643 4469 3
1655 4414 1671 4467 3
1709 4395 1844 4451 Mal.
1884 4413 1941 4470 p.
1982 4396 2086 4469 178
2121 4394 2193 4453 D.
2204 4412 2220 4465 3
2260 4394 2489 4451 Iordan.
2526 4393 2698 4451 Rom.
2735 4409 2824 4466 90.
