3467 5350
1626 577 2064 666 —96-

679 782 885 842 παίω
913 781 1238 859 veneat1).
1332 772 1607 861 Quibus
1655 796 1743 841 ex
1783 773 2186 842 testimoniis
2233 786 2526 864 apparet
2571 773 2703 842 iam
2748 787 3022 843 veteres

677 883 742 950 in
804 884 934 951 hac
984 882 1393 973 quaestione
1422 881 1614 952 „inter
1659 904 1739 950 se
1792 881 2232 950 dissensisse.
2327 881 2785 952 Recentiores
2835 881 3022 950 varie

680 990 906 1057 conati
973 1001 1133 1057 sunt
1201 990 1423 1057 lucem
1493 988 1677 1056 ferre
1747 988 1810 1056 in
1884 989 2012 1056 has
2082 989 2491 1072 tenebras2),
2568 1000 2776 1077 atque
2847 989 3022 1055 banc

678 1095 1311 1185 interpretationem
1361 1095 1652 1185 plurimi,
1703 1106 2035 1184 quantum
2102 1096 2268 1177 sci0,
2334 1108 2753 1186 acceperunt
2800 1095 3023 1163 defen·

680 1204 1070 1290 deruntque
1104 1202 1438 1291 captivos,
1490 1224 1785 1291 quorum
1825 1202 2140 1270 condicio
2190 1224 2559 1270 servorum
2609 1216 2816 1283 esset,
2868 1225 3021 1270 cum

681 1310 1291 1391 venumdarentur‚
1363 1331 1522 1377 esse
1592 1332 1667 1376 re
1726 1331 1896 1377 vera
1968 1320 2255 1378 ornatos
2320 1310 2596 1377 coronis
2658 1331 2881 1397 aeque
2943 1331 3022 1376 ac

677 1416 1012 1499 victimaS,
1087 1416 1340 1504 quibus
1406 1414 1842 1484 immolandis
1911 1438 2243 1484 coronam
2315 1417 2674 1505 imponere
2725 1416 3024 1484 Romani

678 1535 1160 1593 consuessent.
1268 1523 1496 1609 Quam
1564 1522 2029 1591 coniecturam
2095 1546 2234 1612 ego
2299 1524 2574 1614 quidem
2645 1546 2779 1591 non
2847 1545 3023 1590 corn-

680 1632 929 1722 prob0.
1020 1629 1288 1698 Hostes
1329 1643 1572 1719 captos
1621 1631 1935 1698 concedo
1984 1654 2207 1720 aeque
2254 1654 2336 1701 ac
2386 1631 2695 1700 victimas
2747 1631 3024 1698 coronis

677 1738 909 1807 ornari
978 1738 1311 1827 potuisse.
1383 1760 1537 1805 cum
1600 1738 2157 1821 immolarentur3
2224 1762 2378 1807 cum
2428 1738 2698 1828 publice
2745 1760 3027 1805 venum-

678 1847 1026 1926 darentur,
1104 1867 1238 1912 non
1289 1843 1473 1913 item.
1569 1844 1844 1929 Quibus
1890 1846 2296 1915 testimoniis
2344 1846 2535 1914 nisus
2595 1844 3029 1913 contenderit

680 1951 1017 2041 quispiam
1079 1951 1441 2019 Romanos
1499 1951 1815 2020 victimas
1885 1953 2163 2021 coronis
2229 1965 2509 2021 ornatas
2574 1950 3027 2020 vendidisse?

678 2059 825 2128 Nec
859 2057 1021 2127 mihi
1052 2060 1482 2148 persuadere
1512 2081 1802 2148 possum
1854 2083 2422 2149 unumquemque
2470 2060 2816 2150 captivum
2867 2080 3027 2125 esse

678 2189 942 2235 corona
976 2178 1316 2249 ornatum,
1364 2168 1772 2256 priusquam
1822 2190 1948 2258 per
1986 2182 2426 2257 quaestorem
2457 2152 3031 2236 venumdaretur.

678 2276 916 2364 Atque
946 2272 1004 2342 si
1040 2295 1285 2342 omnes
1330 2274 1578 2363 captivi
1632 2274 1854 2343 ornati
1904 2288 2139 2343 essent
2186 2275 2484 2359 coroniS,
2536 2274 2870 2342 dixissent
2892 2272 3028 2339 Ro-

677 2381 861 2450 mani
901 2382 1050 2449 sub
1101 2380 1463 2464 coronis,
1513 2405 1653 2449 non
1703 2384 1854 2450 sub
1903 2405 2209 2451 corona
2256 2384 2637 2451 vendere.
2712 2381 2876 2448 Item
2908 2377 3027 2446 rei-

682 2489 994 2558 ciendam
1056 2510 1216 2556 esse
1277 2511 1531 2557 censeo
1595 2490 1880 2558 alteram
1930 2490 2599 2581 interpretationem:
2665 2489 3026 2556 Romanos

678 2595 972 2663 formula
1020 2595 1169 2663 sub
1220 2617 1524 2663 corona
1556 2597 1916 2664 vendere
1965 2620 2124 2665 esse
2160 2619 2347 2681 usos,
2399 2596 2588 2686 quod
2623 2617 2879 2664 corona
2912 2592 3025 2660 mi-

680 2702 864 2771 litum
936 2706 1250 2793 captivos
1301 2707 1833 2774 venumdandos
1882 2705 2473 2774 circumdedisset.
2568 2704 2781 2790 Quod
2831 2702 2888 2770 si
2935 2701 3026 2777 ita

679 2808 939 2892 fuisset,
1008 2822 1455 2901 exspectares
1524 2835 1768 2881 vocem
1838 2813 2069 2902 potius
2135 2815 2207 2882 in
2277 2836 2582 2882 corona
2649 2812 2762 2880 vel
2816 2810 3026 2877 intra

681 2938 1064 2984 coronam
1111 2939 1316 3005 quam
1366 2920 1516 2987 sub
1566 2941 1892 2987 corona.
1985 2920 2143 2989 Alia
2175 2921 2383 3009 igitur
2414 2921 2527 2988 via
2560 2919 2722 2988 mihi
2755 2918 3029 2985 videtur

680 3024 766 3092 ad
802 3023 1007 3113 finem
1045 3025 1637 3113 progrediendum
1679 3050 1858 3095 esse.
1955 3026 2352 3097 Victoribus
2402 3027 2568 3117 ipsis
2605 3026 2714 3094 vel
2760 3026 2860 3106 iis,
2909 3022 3027 3113 qui

679 3132 768 3199 de
815 3130 1103 3199 victoria
1167 3133 1345 3199 bene
1413 3134 1631 3200 meriti
1694 3147 1911 3218 erant,
1978 3157 2278 3204 coronas
2336 3135 2596 3204 scimus
2644 3133 3025 3224 praemium

675 3237 1089 3306 fortitudinis
1151 3239 1348 3306 datas
1415 3261 1593 3333 esse.
1689 3240 1977 3310 Corona
2036 3244 2271 3311 laurea
2320 3256 2607 3312 ornatus
2654 3243 3030 3333 imperator

677 3368 830 3413 cum
867 3345 1190 3414 militibus
1223 3345 1641 3435 triumphum
1675 3349 1838 3437 egit.
1937 3349 2136 3418 Hanc
2186 3374 2518 3421 coronam
2550 3352 2854 3420 lauream
2892 3349 3027 3417 Ro-

678 3474 924 3520 manos
971 3475 1249 3541 semper
1295 3458 1469 3541 νίκης
1515 3457 1812 3542 σύμβολον
1861 3458 2188 3527 babuisse
2234 3472 2527 3527 testatur
2573 3457 2937 3548 Appianus
2954 3458 3028 3544 3).

678 3558 1032 3628 Coronam
1070 3581 1348 3631 auream
1385 3583 1637 3630 servus
1669 3564 1986 3652 publicus
2032 3588 2244 3655 super
2292 3577 2499 3655 caput
2545 3563 3028 3654 triumphantis

677 3665 1112 3755 imperatoris
1174 3666 1390 3735 tenuit
1408 3671 1482 3755 ⁴).
1579 3668 1903 3738 Coronas
1966 3695 2216 3741 aureas
2283 3673 2450 3741 socii
2500 3674 2613 3741 vel
2661 3671 2912 3741 subditi
2961 3669 3027 3739 in

676 3773 1015 3841 honorem
1051 3772 1385 3841 victoriae
1420 3774 1771 3859 miserunt,
1823 3800 2003 3867 quae
2038 3779 2279 3849 victori
2328 3782 2393 3848 in
2442 3781 2790 3869 triumpho
2839 3799 3033 3868 prae·

678 3880 1023 3949 ferrentur
1041 3884 1111 3963 ⁶).
1207 3879 1531 3950 Coronas
1580 3883 1664 3949 ad
1714 3905 1859 3953 rem
1911 3886 2219 3955 bellicam
2270 3887 2429 3956 item
2481 3886 2827 3976 pertinere
2874 3904 3033 3952 con·

676 3998 842 4056 stat:
916 3985 1347 4076 gramineam
1395 3988 1543 4057 sive
1593 3991 2123 4077 obsidionalem,
2171 3994 2652 4084 triumphalem
2699 3992 2849 4061 sive
2895 3989 3036 4060 lau-

895 4167 935 4237 -¹)
978 4166 1046 4221 cf.
1088 4167 1245 4223 Fest.
1286 4186 1341 4240 p.
1381 4170 1491 4239 306
1527 4169 1604 4225 M.
1616 4187 1632 4239 ;
1675 4170 1838 4227 Paul.
1880 4190 2006 4228 exc.
2046 4192 2102 4246 p.
2140 4192 2245 4247 307
2283 4175 2360 4231 M.

892 4256 935 4326 ²)
977 4255 1046 4311 cf.
1089 4256 1583 4330 Osenbrueggen.
1621 4277 1678 4331 p.
1718 4262 1805 4330 48.
1852 4294 1908 4302 —
1955 4260 1998 4331 ⁸)
2039 4262 2297 4336 Appian.
2334 4264 2461 4321 Lib.
2498 4266 2587 4320 66.

888 4344 933 4412 ⁴)
977 4345 1126 4403 Plin.
1165 4354 1284 4401 nat.
1327 4346 1459 4403 hist.
1499 4365 1586 4419 33,
1625 4351 1721 4420 385
1760 4349 1904 4405 Zon.
1943 4369 1994 4424 7,
2031 4370 2117 4409 21.

891 4433 934 4505 ⁶)
972 4434 1101 4490 Liv·
1140 4453 1229 4506 34,
1276 4453 1363 4508 52,
1401 4438 1466 4507 8;
1514 4456 1602 4510 37,
1641 4440 1728 4510 58,
1766 4457 1832 4510 4;
1881 4459 1969 4513 37,
2006 4459 2095 4514 59,
2132 4461 2194 4513 45
2243 4445 2332 4515 38,
2368 4461 2457 4516 37,
2495 4462 2558 4515 45
2594 4463 2683 4516 39,
2720 4462 2772 4517 5,
2814 4461 2907 4517 145
2945 4463 3037 4517 39,
