3467 5350
1629 625 2122 683 2-120—

702 810 814 883 vel
875 814 1102 882 liberti
1160 817 1242 879 ut
1307 813 1573 900 ingrati
1632 812 1810 877 circa
1859 816 2184 898 patronos
2253 808 2698 884 condemnati,
2766 805 2880 876 vel
2938 802 3061 896 qui

702 926 799 989 ad
841 924 1142 1011 pretium
1191 916 1747 1008 participandum
1802 941 1875 984 se
1920 919 2335 983 venumdari
2376 918 2577 1004 passi
2624 923 2795 983 sunt
2810 920 2878 1001 ¹).
2970 918 3063 983 Si

705 1032 1007 1096 maxima
1069 1030 1302 1115 capitis
1349 1028 1722 1093 deminutio
1770 1027 2100 1100 incurrat,
2169 1026 2277 1089 ius
2335 1047 2596 1112 quoque
2642 1025 3057 1110 cognationis

693 1140 895 1226 perit,
956 1143 1038 1203 ut
1082 1142 1258 1223 puta
1314 1136 1639 1201 servitute
1697 1134 1989 1199 alicuius
2050 1133 2333 1219 cognati,
2402 1137 2470 1196 et
2528 1154 2615 1196 ne
2664 1132 2953 1216 quidem,
2995 1132 3064 1196 si

704 1245 1162 1310 manumissus
1183 1243 1433 1330 fuerit,
1481 1242 1718 1328 recipit
1763 1241 2222 1327 cognationem
2247 1240 2318 1322 ²).
2486 1249 2490 1253 ’

920 1349 1195 1436 Quibus
1227 1372 1315 1416 ex
1349 1346 1755 1416 testimoniis
1785 1356 2074 1436 apparet
2104 1344 2286 1412 bello
2322 1356 2596 1432 captum
2643 1342 3056 1431 gravissima

705 1457 1079 1548 ignominia
1113 1478 1272 1525 esse
1304 1454 1662 1528 affectum:
1697 1452 2166 1522 deminutione
2206 1450 2445 1541 capitis
2478 1450 2795 1519 maxima.
2861 1449 3055 1539 Ergo

706 1564 856 1634 iure
901 1564 1219 1652 Regulus
1267 1561 1380 1630 ille
1425 1561 1724 1629 Romam
1775 1560 2029 1630 missus
2077 1557 2247 1627 dixit
2293 1582 2373 1627 se
2420 1582 2507 1626 ex
2555 1558 2663 1627 illa
2729 1557 2858 1641 die,
2918 1581 3058 1647 qua

707 1673 774 1740 in
839 1681 1250 1760 potestatem
1303 1668 1637 1737 Afrorum
1703 1668 2031 1749 venisset,
2104 1666 2497 1734 Romanum
2563 1687 2721 1734 esse
2769 1664 3058 1733 desisse.

707 1779 950 1867 Itaque
1012 1788 1080 1846 et
1146 1798 1437 1845 uxorem
1485 1797 1527 1843 a
1574 1773 1944 1865 complexu
2010 1771 2308 1842 removit
2373 1784 2442 1840 et
2502 1771 2771 1841 senatui
2820 1771 3059 1854 suasit,

709 1909 797 1954 ne
861 1908 998 1975 pax
1048 1907 1201 1953 cum
1252 1882 1506 1952 Poenis
1552 1883 1752 1952 fieret
1773 1884 1846 1967 ³).
1938 1879 2391 1959 Sententiam,
2457 1902 2543 1947 ne
2608 1879 2889 1962 diceret,
2958 1902 3061 1948 re-

711 1991 1008 2074 cusavit;
1074 1990 1401 2079 quamdiu
1445 1987 1889 2057 iureiurando
1939 1986 2238 2056 hostium
2288 1997 2660 2069 teneretur,
2713 2009 2851 2054 non
2901 2009 3062 2055 esse

709 2123 787 2169 se
836 2110 1250 2168 senatorem.
1345 2096 1667 2185 Denique
1716 2095 1910 2166 cuius
1957 2095 2021 2163 in
2072 2106 2369 2163 mentem
2421 2117 2561 2162 non
2594 2093 2878 2162 veniunt
2913 2116 3064 2162 ver·

711 2230 832 2276 sus
865 2204 953 2274 illi
985 2205 1228 2274 Horati
1250 2208 1296 2287 ⁴)
1317 2203 1354 2271 ’.Ρ

1115 2315 1364 2400 fertur
1394 2313 1689 2399 pudicae
1737 2312 2041 2397 coniugis
2086 2310 2387 2375 osculum

1131 2428 1513 2505 parvosque
1558 2424 1754 2483 natos
1797 2424 1881 2483 ut
1924 2419 2159 2504 capitis
2203 2418 2427 2482 minor

1140 2527 1223 2591 ab
1266 2550 1339 2591 se
1384 2526 1740 2591 removisse
1785 2531 1853 2590 et
1890 2525 2151 2590 virilem

1144 2630 1374 2700 torvus
1419 2634 1621 2699 lzumi
1647 2633 1955 2720 posuisse
2000 2633 2271 2706 voltum,

1146 2743 1352 2806 donec
1398 2741 1689 2806 labantis
1736 2741 2008 2806 consilio
2042 2746 2277 2828 patres

1121 2850 1454 2934 firmaret
1496 2854 1732 2914 auctor
1776 2870 2149 2934 numquam
2211 2848 2384 2911 alias
2431 2848 2603 2920 dato,

1145 2956 1457 3041 interque
1503 2955 1866 3021 maerentis
1911 2956 2156 3021 amicos

1145 3063 1498 3148 egregrius
1532 3068 1936 3148 properaret
1978 3062 2191 3128 exsul.

934 3170 1052 3251 At,
1121 3189 1297 3256 qua
1362 3166 1598 3235 iuris
1665 3166 2233 3235 condicione
2292 3165 2647 3235 suerint
2709 3164 3071 3256 captivi

719 3274 1142 3358 Romani,
1214 3296 1371 3343 cum
1438 3297 1478 3342 e
1526 3273 1846 3342 manibus
1911 3272 2213 3342 hostium
2278 3284 2813 3354 reverterentur,
2886 3294 3069 3341 nunc

721 3383 1094 3474 quaeritur.
1189 3381 1401 3467 Quod
1469 3380 1602 3449 iam
1673 3383 2170 3469 quaesiverunt
2216 3380 2690 3448 Romanorum
2750 3376 3069 3448 homines

722 3491 886 3559 iuris
935 3489 1267 3559 consulti:
1330 3489 1911 3577 excogitaverunt
1957 3486 2305 3557 fictionem
2356 3487 2726 3575 quandam,
2794 3508 2882 3553 ex
2930 3508 3071 3575 qua

722 3609 882 3666 nata
931 3608 1036 3665 est
1082 3596 1224 3663 ius
1273 3595 1461 3684 quod
1511 3605 1804 3663 vocatur
1865 3593 2456 3683 postliminii.
2553 3592 2771 3661 Cuius
2817 3591 3068 3661 Cicero

723 3704 898 3772 duas
928 3703 1217 3791 praebet
1249 3701 1847 3791 interpretationes
1867 3705 1939 3785 ⁵).
2033 3704 2270 3767 Multa
2311 3703 2527 3788 igitur
2557 3702 2629 3765 in
2665 3701 3071 3787 disputando

722 3812 1062 3877 notatione
1094 3811 1464 3876 eliciuntur
1494 3832 1582 3875 ex
1611 3811 1845 3875 verbo:
1892 3815 1989 3883 ut,
2026 3832 2176 3874 cum
2217 3810 2588 3894 quaeritur,
2627 3817 2680 3895 p
2697 3808 2870 3873 ostl
2879 3807 2984 3873 im
3006 3807 3071 3871 i—

723 3919 866 3983 niu
883 3941 977 3991 m,
1029 3918 1197 4003 quid
1233 3917 1340 3990 sit,
1392 3939 1528 3981 non
1577 3917 1739 3990 dico,
1792 3939 1962 4002 quae
2005 3917 2150 3981 sint
2180 3916 2592 4003 postliminii
2609 3918 2802 4002 (nam
2850 3915 2927 3979 ia'
2966 3936 3072 3978 ca-

725 4028 915 4092 deret
941 4027 1013 4089 in
1055 4025 1466 4097 divisionem,
1518 4046 1688 4110 quae
1719 4025 1875 4088 talis
1907 4029 2039 4089 est:
2075 4024 2490 4111 postliminio
2536 4024 2829 4088 redeunt
2869 4022 3035 4087 l'zaec
3050 4046 3075 4084 .-

724 4134 934 4206 homo,
984 4133 1199 4205 navis,
1252 4132 1497 4204 mulus,
1549 4131 1962 4204 clitellariuS,
2011 4154 2242 4216 equus,
2290 4152 2480 4216 equa,
2533 4151 2704 4216 quae
2716 4129 2938 4215 frena
2971 4149 3078 4192 re-

725 4241 943 4326 cipere
998 4238 1192 4323 solety
1209 4262 1239 4309 ,·
1306 4239 1433 4302 sed
1489 4260 1638 4302 cum
1702 4238 1915 4324 ipsius
1959 4238 2368 4323 postliminii
2421 4238 2521 4302 vis
2569 4236 2938 4323 quaeritur,
3016 4241 3089 4300 et

944 4379 984 4451 ¹)
1024 4381 1159 4435 Inst.
1194 4397 1239 4449 ι,
1274 4384 1355 4449 16,
1398 4396 1445 4434 1.
1493 4412 1547 4420 —
1593 4379 1636 4449 ²)
1676 4380 1811 4436 Inst.
1836 4397 1882 4448 1,
1914 4380 1996 4449 16,
2021 4383 2073 4435 6.
2114 4412 2181 4422 --
2222 4378 2264 4448 ⁸)
2304 4378 2543 4449 Eutrop.
2564 4397 2616 4448 2,
2642 4393 2729 4448 25,
2759 4393 2818 4446 ις
2856 4377 2933 4431 de
2963 4375 3085 4433 vir.

725 4471 802 4526 ill.
841 4488 926 4541 40.
967 4502 1034 4510 --
1075 4468 1122 4540 ⁴)
1163 4487 1342 4525 carm.
1379 4488 1431 4540 3,
1457 4486 1508 4541 5,
1535 4488 1766 4541 41—49.
1804 4500 1875 4509 —
1913 4469 1957 4538 ⁵)
1996 4469 2171 4541 topic.
2210 4469 2389 4541 36l37.
