3467 5350
1737 612 2178 683 ...52-

787 786 1405 879 Graecogalli
1465 789 1780 858 animalia
1844 789 2026 858 bello
2090 801 2292 880 capta
2348 812 2486 858 una
2534 813 2691 859 cum
2740 789 3121 859 hominibus

785 898 1305 967 trucidaverunt
1366 909 1487 965 aut
1545 897 2088 966 combusserunt
2146 910 2265 966 aut
2324 897 2456 966 alio
2513 897 2826 988 supplicii
2872 920 3123 986 genere

783 1007 1210 1075 sustulerunt
1230 1009 1296 1088 ¹).
1391 1005 1605 1095 Apud
1632 1004 1698 1073 G
1722 1004 1909 1073 allo
1931 1027 1966 1073 s
1996 1003 2190 1094 ipsos
2216 1005 2506 1074 usitatas
2534 1006 2748 1075 fuisse
2774 1005 3120 1074 hominum

782 1112 1288 1182 immolationes
1336 1112 1530 1181 testis
1580 1124 1687 1181 est
1738 1112 2003 1182 Caesar
2023 1115 2090 1194 ²).
2185 1112 2733 1182 Pulcherrimum
2785 1134 3126 1203 quemque

783 1220 1213 1309 captivorum
1277 1231 1343 1288 et
1406 1231 1630 1288 aetate
1687 1217 2249 1288 florentissimum
2314 1220 2592 1289 coronis
2656 1220 2961 1289 vinctum
3025 1218 3127 1287 dis

780 1327 1178 1396 immolasse
1245 1348 1369 1395 eos
1431 1337 1668 1395 narrat
1727 1348 1955 1415 neque
2017 1325 2166 1394 sine
2230 1339 2427 1395 aceto
2494 1326 2683 1395 addit
2732 1325 3126 1395 Diodorus:

781 1439 834 1501 εἴ
892 1440 955 1521 γέ
1016 1459 1113 1511 τις
1175 1443 1295 1500 τῶν
1359 1438 1516 1500 θεῶν
1561 1437 1794 1525 δέχεται
1841 1438 1959 1511 τὰς
2006 1439 2290 1511 τοιαύτας
2336 1443 2518 1522 τιμάς
2536 1436 2609 1523 ⁸).
2702 1434 3127 1503 Thraces

781 1542 886 1611 dis
942 1542 1175 1612 litasse
1232 1541 1553 1610 dicuntur
1614 1540 1957 1630 sanguine
2004 1542 2328 1626 humanO,
2396 1541 2655 1611 bibisse
2719 1541 2788 1610 in
2851 1541 3129 1610 ossibus

781 1649 1098 1740 capitum,
1166 1648 1503 1738 cuiusque
1568 1648 1758 1716 modi
1819 1648 2129 1717 ludibriis
2192 1647 2589 1718 foedavisse
2637 1660 2931 1718 mortem
2990 1659 3125 1717 tam

779 1757 921 1846 igni
970 1779 1179 1845 quam
1227 1756 1436 1839 fum0‚
1486 1768 1728 1847 partus
1778 1779 2061 1846 quoque
2110 1757 2559 1846 gravidarum
2611 1756 2970 1826 mulierum
3020 1780 3129 1825 ex-

780 1863 1070 1933 torsisse
1117 1863 1568 1949 tormentis-¹).
1661 1863 1882 1931 Etiam
1933 1863 2375 1934 Germani
2442 1868 2684 1935 hostes
2733 1876 2976 1954 captos
3024 1864 3131 1932 dis

778 1970 1309 2039 immolaverunt
1330 1974 1400 2054 ὅ).
1514 1970 1998 2040 Britannis
2063 1970 2129 2040 in
2185 1984 2429 2062 captos
2491 1972 2652 2041 nihil
2713 1984 2851 2041 tam
2905 1972 3129 2040 dirum

777 2077 921 2161 fuit,
977 2078 1141 2167 quin
1188 2089 1627 2146 statueretur.
1721 2077 1798 2146 Id
1858 2100 2033 2147 vero
2096 2089 2247 2147 erat
2307 2078 2857 2149 crudelissimum
2923 2090 3132 2168 atque

777 2184 1366 2269 immanissimum,
1416 2186 1604 2274 quod
1632 2184 1922 2255 feminas
1975 2185 2440 2256 nobilissimas
2488 2198 2557 2255 et
2602 2186 3131 2256 honestissimas

777 2292 1002 2361 nudas
1025 2292 1550 2383 suspendebant
1577 2292 1987 2383 excisasque
2022 2316 2358 2364 mammas
2388 2316 2627 2364 earum
2662 2294 2748 2363 ad
2783 2316 2910 2363 ora
2955 2294 3130 2384 ipsa-

777 2423 929 2468 rum
1002 2401 1410 2485 adsuebant,
1497 2413 1573 2469 ut
1642 2403 2016 2471 comedere
2086 2401 2527 2484 viderentur;
2605 2401 2938 2492 ipsasque
3018 2403 3131 2470 de·

779 2506 939 2575 inde
989 2507 1310 2576 mulieres
1358 2508 1530 2599 palis
1577 2508 1968 2598 praeacutis
2016 2532 2141 2600 per
2180 2521 2398 2579 totum
2441 2533 2697 2601 corpus
2744 2511 3131 2580 secundum

776 2613 1279 2704 longitudinem
1328 2614 1853 2704 transfigebant.
1949 2616 2035 2686 Et
2095 2616 2434 2687 faciebant
2482 2619 2653 2687 haec
2701 2617 2933 2687 omnia
2979 2640 3128 2687 rem

780 2744 1051 2791 sacram
1119 2733 1410 2811 agentes
1459 2726 1737 2809 (θύοντές
1784 2749 1850 2790 τε
1897 2730 2041 2810 ἅμα)
2104 2737 2172 2793 et
2218 2725 2578 2815 epulantes
2628 2737 2697 2795 et
2742 2725 3136 2816 petulanter

776 2852 855 2899 se
945 2842 1274 2919 gerentes
1360 2853 1518 2899 cum
1594 2830 1740 2900 aliis
1824 2830 1892 2900 in
1976 2831 2265 2922 templis,
2354 2843 2496 2901 tum
2580 2832 2645 2901 in
2728 2832 3134 2901 Andrastae

776 2936 973 3005 luco:
1045 2936 1145 3005 sic
1202 2937 1387 3007 enim
1430 2937 1810 3006 Victoriam
1858 2938 2317 3029 appellabant,
2368 2961 2575 3028 quam
2626 2939 2946 3009 colebant
2992 2951 3131 3008 stu-

775 3044 890 3111 dio
956 3044 1350 3131 maximo⁶).
1458 3044 1974 3115 Britannos
2031 3046 2317 3116 Tacitus
2384 3048 2763 3117 memoriae
2825 3047 3136 3138 prodidit

775 3173 1024 3220 cruore
1090 3152 1523 3243 captivorum
1586 3153 1869 3222 adolere
1937 3176 2095 3223 aras
2154 3166 2222 3222 et
2277 3155 2631 3224 hominum
2705 3153 2898 3223 fibris
2972 3177 3133 3224 con·

772 3260 1002 3327 sulere
1054 3261 1229 3329 deos
1279 3259 1384 3329 fas
1428 3262 1758 3331 habuisse
1781 3264 1848 3352 ⁷).
1943 3261 2082 3348 Qui
2130 3274 2472 3331 vocantur
2508 3261 2811 3332 Bucoli
2882 3261 3131 3331 milites

774 3367 1250 3435 centurionem
1283 3367 1679 3438 Romanum
1727 3369 2249 3438 interfecerunt:
2300 3374 2400 3436 τὸν
2448 3377 2696 3436 συνόντα
2742 3372 2904 3459 αὐτῷ
2949 3393 3132 3436 κατα-

773 3478 1071 3553 θύσαντες
1136 3479 1227 3542 ἐπί
1285 3501 1351 3543 τε
1397 3486 1517 3543 τῶν
1564 3483 1918 3568 σπλάγχνων
1965 3481 2145 3544 αὐτοῦ
2192 3483 2535 3564 συνώμοσαν
2581 3481 2676 3545 καὶ
2722 3481 2911 3544 ἐκεῖνα
2957 3483 3130 3544 κατέ-

773 3607 959 3671 φαγον
984 3587 1054 3665 ⁸).

995 3690 1208 3779 Apud
1241 3689 1604 3760 Romanos
1636 3692 1849 3781 igitur
1893 3679 2403 3761 immolationes
2451 3691 2883 3781 captivorum
2932 3704 3128 3761 erant

772 3796 1162 3886 singulares
1211 3796 1629 3888 minimeque
1675 3799 1989 3869 usitatae.

987 3904 1126 3973 Iam
1176 3905 1370 3974 facile
1419 3918 1526 3975 est
1572 3906 1919 3976 intellectu
1965 3908 2372 3999 prudentiae
2420 3908 2920 3991 Romanorum,
2982 3931 3123 3976 non

772 4013 1020 4083 insitae
1086 4014 1526 4083 humanitatis
1594 4015 1829 4098 fuisse,
1901 4039 2056 4085 cum
2125 4016 2377 4104 exigua
2440 4028 2648 4105 atque
2712 4015 2896 4083 haud
2956 4015 3122 4083 satis

989 4195 1031 4265 ¹)
1072 4194 1240 4249 Diod.
1261 4211 1313 4266 5,
1340 4212 1427 4265 32,
1458 4196 1522 4264 65
1563 4194 1633 4250 cf.
1654 4196 1781 4251 Liv.
1801 4198 1889 4265 38,
1928 4214 2012 4268 47,
2055 4214 2138 4251 12.
2183 4228 2239 4236 —-
2286 4194 2329 4264 ²)
2367 4197 2422 4252 b.
2455 4193 2593 4266 G56,
2634 4197 2718 4251 16.
2766 4228 2821 4235 —
2868 4194 2911 4264 ⁸)
2950 4194 3120 4249 Diod.

773 4275 882 4356 frg.
921 4300 1008 4354 31,
1052 4301 1134 4354 13.
1199 4316 1256 4324 —-
1318 4283 1362 4350 ⁴)
1402 4284 1557 4338 Flor.
1595 4301 1646 4355 3,
1685 4303 1737 4355 4,
1777 4303 1827 4341 2.
1890 4315 1947 4323 —
2011 4284 2166 4353 ⁵)cf.
2206 4285 2376 4340 CaeS.
2415 4286 2471 4341 b.
2510 4283 2581 4340 G.
2624 4302 2671 4354 1,
2709 4300 2797 4355 53,
2834 4284 2895 4353 6;
2934 4282 3118 4338 Tacit.

771 4391 902 4428 ann.
945 4391 991 4442 1,
1028 4375 1129 4443 613
1173 4391 1254 4444 13,
1292 4392 1379 4446 57.
1430 4373 1604 4429 Oros,
1624 4392 1674 4446 7,
1711 4391 1800 4446 37,
1837 4391 1888 4446 5.
1944 4407 2000 4415 —
2055 4373 2098 4445 θ)
2138 4374 2302 4430 Cass.
2324 4374 2455 4429 Dio,
2475 4377 2563 4443 62,
2601 4391 2651 4445 7,
2691 4390 2742 4428 2.
2788 4405 2843 4413 —
2903 4371 2944 4438 ⁶¹)
2984 4388 3115 4428 ann.

768 4481 855 4536 14,
892 4480 980 4533 30.
1026 4493 1074 4503 -
1128 4462 1171 4533 ⁸)
1210 4462 1374 4520 Cass,
1415 4462 1544 4518 Dio.
1581 4480 1667 4535 71,
1706 4482 1757 4533 4.
