<?xml version="1.0" encoding="UTF-8"?>
<!DOCTYPE html PUBLIC "-//W3C//DTD XHTML 1.0 Transitional//EN"
    "http://www.w3.org/TR/xhtml1/DTD/xhtml1-transitional.dtd">
<html xmlns="http://www.w3.org/1999/xhtml" xml:lang="en" lang="en">
 <head>
  <title>
</title>
<meta http-equiv="Content-Type" content="text/html;charset=utf-8" />
  <meta name='ocr-system' content='tesseract 3.04.00' />
  <meta name='ocr-capabilities' content='ocr_page ocr_carea ocr_par ocr_line ocrx_word'/>
</head>
<body>
  <div class='ocr_page' id='page_1' title='image "./decaptivisroman00koesgoog_0113.png"; bbox 0 0 3467 5350; ppageno 0'>
   <div class='ocr_carea' id='block_1_1' title="bbox 1364 589 1849 671">
    <p class='ocr_par' dir='ltr' id='par_1_1' title="bbox 1364 589 1849 671">
     <span class='ocr_line' id='line_1_1' title="bbox 1364 589 1849 671; baseline -0.002 -40"><span class='ocrx_word' id='word_1_1' title='bbox 1364 623 1447 631; x_wconf 81' lang='lat'>....</span> <span class='ocrx_word' id='word_1_2' title='bbox 1547 603 1670 671; x_wconf 80' lang='lat'>107</span> <span class='ocrx_word' id='word_1_3' title='bbox 1766 589 1849 630; x_wconf 75' lang='lat'>‘-.</span> 
     </span>
    </p>
   </div>
   <div class='ocr_carea' id='block_1_2' title="bbox 430 776 2788 4080">
    <p class='ocr_par' dir='ltr' id='par_1_2' title="bbox 430 776 2788 3759">
     <span class='ocr_line' id='line_1_2' title="bbox 434 776 2779 870; baseline -0.001 -22"><span class='ocrx_word' id='word_1_4' title='bbox 434 778 831 848; x_wconf 90' lang='lat' dir='ltr'>reddituros</span> <span class='ocrx_word' id='word_1_5' title='bbox 865 789 1110 868; x_wconf 89' lang='lat' dir='ltr'>captos</span> <span class='ocrx_word' id='word_1_6' title='bbox 1150 776 1633 868; x_wconf 86' lang='lat' dir='ltr'>promiserant,</span> <span class='ocrx_word' id='word_1_7' title='bbox 1681 776 1939 847; x_wconf 87' lang='lat' dir='ltr'>multos</span> <span class='ocrx_word' id='word_1_8' title='bbox 1988 778 2292 847; x_wconf 89' lang='lat' dir='ltr'><strong>celarent</strong></span> <span class='ocrx_word' id='word_1_9' title='bbox 2338 789 2546 870; x_wconf 92' lang='lat' dir='ltr'>atque</span> <span class='ocrx_word' id='word_1_10' title='bbox 2592 777 2779 847; x_wconf 91' lang='lat' dir='ltr'>domi</span> 
     </span>
     <span class='ocr_line' id='line_1_3' title="bbox 434 884 2780 976; baseline -0 -20"><span class='ocrx_word' id='word_1_11' title='bbox 434 886 819 957; x_wconf 88' lang='lat' dir='ltr'>detinerent</span> <span class='ocrx_word' id='word_1_12' title='bbox 838 887 906 975; x_wconf 84' lang='grc'>1).</span> <span class='ocrx_word' id='word_1_13' title='bbox 998 884 1300 955; x_wconf 91' lang='lat' dir='ltr'>lulianus</span> <span class='ocrx_word' id='word_1_14' title='bbox 1339 885 1731 976; x_wconf 91' lang='lat' dir='ltr'>imperator,</span> <span class='ocrx_word' id='word_1_15' title='bbox 1782 897 1857 954; x_wconf 94' lang='lat' dir='ltr'>ut</span> <span class='ocrx_word' id='word_1_16' title='bbox 1889 884 2216 968; x_wconf 86' lang='lat' dir='ltr'>efficeret,</span> <span class='ocrx_word' id='word_1_17' title='bbox 2267 907 2356 954; x_wconf 92' lang='lat' dir='ltr'>ne</span> <span class='ocrx_word' id='word_1_18' title='bbox 2388 885 2542 976; x_wconf 90' lang='lat' dir='ltr'>quis</span> <span class='ocrx_word' id='word_1_19' title='bbox 2576 885 2780 976; x_wconf 91' lang='lat' dir='ltr'>capti·</span> 
     </span>
     <span class='ocr_line' id='line_1_4' title="bbox 435 991 2781 1084; baseline -0 -21"><span class='ocrx_word' id='word_1_20' title='bbox 435 1016 682 1063; x_wconf 90' lang='lat' dir='ltr'>vorum</span> <span class='ocrx_word' id='word_1_21' title='bbox 717 1014 797 1062; x_wconf 90' lang='lat' dir='ltr'>se</span> <span class='ocrx_word' id='word_1_22' title='bbox 843 992 1208 1082; x_wconf 86' lang='lat' dir='ltr'><strong>ignorante</strong></span> <span class='ocrx_word' id='word_1_23' title='bbox 1256 993 1440 1084; x_wconf 91' lang='lat' dir='ltr'>apud</span> <span class='ocrx_word' id='word_1_24' title='bbox 1475 991 1909 1062; x_wconf 84' lang='lat' dir='ltr'>Alamannos</span> <span class='ocrx_word' id='word_1_25' title='bbox 1959 1005 2289 1076; x_wconf 88' lang='lat' dir='ltr'>maneret,</span> <span class='ocrx_word' id='word_1_26' title='bbox 2339 993 2543 1063; x_wconf 89' lang='lat' dir='ltr'>huius</span> <span class='ocrx_word' id='word_1_27' title='bbox 2591 992 2781 1062; x_wconf 92' lang='lat' dir='ltr'>modi</span> 
     </span>
     <span class='ocr_line' id='line_1_5' title="bbox 435 1099 2779 1192; baseline -0 -22"><span class='ocrx_word' id='word_1_28' title='bbox 435 1099 859 1190; x_wconf 88' lang='lat' dir='ltr'>excogitavit</span> <span class='ocrx_word' id='word_1_29' title='bbox 920 1100 1325 1169; x_wconf 89' lang='lat' dir='ltr'>remedium.</span> <span class='ocrx_word' id='word_1_30' title='bbox 1418 1100 1535 1168; x_wconf 90' lang='lat' dir='ltr'>Ab</span> <span class='ocrx_word' id='word_1_31' title='bbox 1594 1099 1938 1183; x_wconf 80' lang='lat' dir='ltr'>omnibuS,</span> <span class='ocrx_word' id='word_1_32' title='bbox 2003 1099 2120 1188; x_wconf 95' lang='lat' dir='ltr'>qui</span> <span class='ocrx_word' id='word_1_33' title='bbox 2178 1099 2469 1189; x_wconf 89' lang='lat' dir='ltr'>singulis</span> <span class='ocrx_word' id='word_1_34' title='bbox 2529 1123 2617 1169; x_wconf 88' lang='lat' dir='ltr'>ex</span> <span class='ocrx_word' id='word_1_35' title='bbox 2665 1117 2779 1192; x_wconf 91' lang='lat' dir='ltr'>op·</span> 
     </span>
     <span class='ocr_line' id='line_1_6' title="bbox 433 1206 2778 1298; baseline 0 -22"><span class='ocrx_word' id='word_1_36' title='bbox 433 1207 612 1298; x_wconf 91' lang='lat' dir='ltr'>pidis</span> <span class='ocrx_word' id='word_1_37' title='bbox 659 1219 870 1296; x_wconf 91' lang='lat' dir='ltr'>atque</span> <span class='ocrx_word' id='word_1_38' title='bbox 915 1206 1086 1276; x_wconf 91' lang='lat' dir='ltr'>vicis</span> <span class='ocrx_word' id='word_1_39' title='bbox 1147 1206 1316 1295; x_wconf 81' lang='lat' dir='ltr'>fuga</span> <span class='ocrx_word' id='word_1_40' title='bbox 1377 1219 1769 1291; x_wconf 88' lang='lat' dir='ltr'>evaserant,</span> <span class='ocrx_word' id='word_1_41' title='bbox 1833 1206 2182 1296; x_wconf 84' lang='lat' dir='ltr'>exigebat,</span> <span class='ocrx_word' id='word_1_42' title='bbox 2243 1219 2318 1276; x_wconf 96' lang='lat' dir='ltr'>ut</span> <span class='ocrx_word' id='word_1_43' title='bbox 2379 1207 2778 1277; x_wconf 90' lang='lat' dir='ltr'>nominatim</span> 
     </span>
     <span class='ocr_line' id='line_1_7' title="bbox 435 1313 2778 1404; baseline 0 -21"><span class='ocrx_word' id='word_1_44' title='bbox 435 1314 762 1397; x_wconf 87' lang='lat' dir='ltr'>dicerent,</span> <span class='ocrx_word' id='word_1_45' title='bbox 828 1336 1174 1404; x_wconf 92' lang='lat' dir='ltr'>quosnam</span> <span class='ocrx_word' id='word_1_46' title='bbox 1234 1337 1323 1382; x_wconf 88' lang='lat' dir='ltr'>ex</span> <span class='ocrx_word' id='word_1_47' title='bbox 1385 1313 1676 1382; x_wconf 89' lang='lat' dir='ltr'>urbibus</span> <span class='ocrx_word' id='word_1_48' title='bbox 1741 1325 1809 1383; x_wconf 93' lang='lat' dir='ltr'>et</span> <span class='ocrx_word' id='word_1_49' title='bbox 1872 1313 2042 1383; x_wconf 91' lang='lat' dir='ltr'>vicis</span> <span class='ocrx_word' id='word_1_50' title='bbox 2101 1313 2642 1404; x_wconf 92' lang='lat' dir='ltr'>uniuscuiusque</span> <span class='ocrx_word' id='word_1_51' title='bbox 2689 1314 2778 1404; x_wconf 92' lang='lat' dir='ltr'>ip·</span> 
     </span>
     <span class='ocr_line' id='line_1_8' title="bbox 434 1420 2781 1512; baseline -0 -21"><span class='ocrx_word' id='word_1_52' title='bbox 434 1444 674 1492; x_wconf 90' lang='lat' dir='ltr'>sorum</span> <span class='ocrx_word' id='word_1_53' title='bbox 741 1421 1021 1491; x_wconf 91' lang='lat' dir='ltr'>barbari</span> <span class='ocrx_word' id='word_1_54' title='bbox 1083 1420 1400 1512; x_wconf 87' lang='lat' dir='ltr'>captivos</span> <span class='ocrx_word' id='word_1_55' title='bbox 1461 1421 1936 1490; x_wconf 86' lang='lat' dir='ltr'>abduxissent.</span> <span class='ocrx_word' id='word_1_56' title='bbox 2045 1421 2224 1492; x_wconf 91' lang='lat' dir='ltr'>Cum</span> <span class='ocrx_word' id='word_1_57' title='bbox 2298 1420 2592 1512; x_wconf 90' lang='lat' dir='ltr'>quisque</span> <span class='ocrx_word' id='word_1_58' title='bbox 2667 1420 2781 1491; x_wconf 90' lang='lat' dir='ltr'>vel</span> 
     </span>
     <span class='ocr_line' id='line_1_9' title="bbox 436 1527 2779 1616; baseline 0 -19"><span class='ocrx_word' id='word_1_59' title='bbox 436 1552 523 1597; x_wconf 90' lang='lat' dir='ltr'>ex</span> <span class='ocrx_word' id='word_1_60' title='bbox 586 1527 1069 1597; x_wconf 91' lang='lat' dir='ltr'>coniunctione</span> <span class='ocrx_word' id='word_1_61' title='bbox 1134 1527 1494 1616; x_wconf 90' lang='lat' dir='ltr'>sanguinis</span> <span class='ocrx_word' id='word_1_62' title='bbox 1540 1528 1656 1596; x_wconf 90' lang='lat' dir='ltr'>vel</span> <span class='ocrx_word' id='word_1_63' title='bbox 1703 1550 1792 1596; x_wconf 90' lang='lat' dir='ltr'>ex</span> <span class='ocrx_word' id='word_1_64' title='bbox 1839 1527 2350 1597; x_wconf 87' lang='lat' dir='ltr'>necessitudine</span> <span class='ocrx_word' id='word_1_65' title='bbox 2396 1527 2779 1597; x_wconf 91' lang='lat' dir='ltr'>vicinorum</span> 
     </span>
     <span class='ocr_line' id='line_1_10' title="bbox 434 1634 2777 1726; baseline -0.001 -21"><span class='ocrx_word' id='word_1_66' title='bbox 434 1636 549 1705; x_wconf 89' lang='lat' dir='ltr'>vel</span> <span class='ocrx_word' id='word_1_67' title='bbox 591 1634 881 1704; x_wconf 91' lang='lat' dir='ltr'>amicitia</span> <span class='ocrx_word' id='word_1_68' title='bbox 926 1635 1040 1704; x_wconf 90' lang='lat' dir='ltr'>vel</span> <span class='ocrx_word' id='word_1_69' title='bbox 1084 1635 1216 1704; x_wconf 93' lang='lat' dir='ltr'>alio</span> <span class='ocrx_word' id='word_1_70' title='bbox 1267 1635 1568 1726; x_wconf 91' lang='lat' dir='ltr'>quodam</span> <span class='ocrx_word' id='word_1_71' title='bbox 1620 1657 1788 1704; x_wconf 88' lang='lat' dir='ltr'>casu</span> <span class='ocrx_word' id='word_1_72' title='bbox 1834 1635 1962 1704; x_wconf 90' lang='lat' dir='ltr'>sibi</span> <span class='ocrx_word' id='word_1_73' title='bbox 2011 1635 2333 1724; x_wconf 92' lang='lat' dir='ltr'>cognitos</span> <span class='ocrx_word' id='word_1_74' title='bbox 2380 1634 2777 1704; x_wconf 88' lang='lat' dir='ltr'>nominatim</span> 
     </span>
     <span class='ocr_line' id='line_1_11' title="bbox 435 1741 2779 1833; baseline 0 -21"><span class='ocrx_word' id='word_1_75' title='bbox 435 1743 787 1826; x_wconf 86' lang='lat' dir='ltr'>edixisset,</span> <span class='ocrx_word' id='word_1_76' title='bbox 850 1741 1047 1811; x_wconf 88' lang='lat' dir='ltr'>iussit</span> <span class='ocrx_word' id='word_1_77' title='bbox 1114 1741 1423 1812; x_wconf 90' lang='lat' dir='ltr'>notarios</span> <span class='ocrx_word' id='word_1_78' title='bbox 1493 1742 1977 1833; x_wconf 88' lang='lat' dir='ltr'>imperatorios</span> <span class='ocrx_word' id='word_1_79' title='bbox 2047 1743 2442 1812; x_wconf 86' lang='lat' dir='ltr'>describere</span> <span class='ocrx_word' id='word_1_80' title='bbox 2513 1764 2779 1812; x_wconf 83' lang='lat' dir='ltr'>omneS.</span> 
     </span>
     <span class='ocr_line' id='line_1_12' title="bbox 437 1848 2781 1939; baseline -0 -20"><span class='ocrx_word' id='word_1_81' title='bbox 437 1851 600 1938; x_wconf 84' lang='lat' dir='ltr'>Quo</span> <span class='ocrx_word' id='word_1_82' title='bbox 657 1850 839 1919; x_wconf 85' lang='lat' dir='ltr'>facto</span> <span class='ocrx_word' id='word_1_83' title='bbox 894 1850 1168 1939; x_wconf 91' lang='lat' dir='ltr'>legatos</span> <span class='ocrx_word' id='word_1_84' title='bbox 1216 1849 1352 1918; x_wconf 89' lang='lat' dir='ltr'>hoc</span> <span class='ocrx_word' id='word_1_85' title='bbox 1400 1848 1759 1919; x_wconf 91' lang='lat' dir='ltr'>consilium</span> <span class='ocrx_word' id='word_1_86' title='bbox 1808 1848 2216 1938; x_wconf 86' lang='lat' dir='ltr'>ignorantes</span> <span class='ocrx_word' id='word_1_87' title='bbox 2263 1850 2584 1919; x_wconf 87' lang='lat' dir='ltr'>Rhenum</span> <span class='ocrx_word' id='word_1_88' title='bbox 2632 1848 2781 1939; x_wconf 88' lang='lat' dir='ltr'>ipse</span> 
     </span>
     <span class='ocr_line' id='line_1_13' title="bbox 435 1955 2780 2047; baseline -0.001 -20"><span class='ocrx_word' id='word_1_89' title='bbox 435 1957 808 2027; x_wconf 88' lang='lat' dir='ltr'>transmisit</span> <span class='ocrx_word' id='word_1_90' title='bbox 882 1968 969 2040; x_wconf 90' lang='lat' dir='ltr'>et,</span> <span class='ocrx_word' id='word_1_91' title='bbox 1040 1968 1117 2025; x_wconf 93' lang='lat' dir='ltr'>ut</span> <span class='ocrx_word' id='word_1_92' title='bbox 1191 1979 1346 2026; x_wconf 89' lang='lat' dir='ltr'>cum</span> <span class='ocrx_word' id='word_1_93' title='bbox 1419 1955 1708 2046; x_wconf 91' lang='lat' dir='ltr'>captivis</span> <span class='ocrx_word' id='word_1_94' title='bbox 1785 1968 2319 2040; x_wconf 90' lang='lat' dir='ltr'>reverterentur,</span> <span class='ocrx_word' id='word_1_95' title='bbox 2395 1955 2780 2047; x_wconf 88' lang='lat' dir='ltr'>imperavit.</span> 
     </span>
     <span class='ocr_line' id='line_1_14' title="bbox 437 2062 2783 2153; baseline 0 -21"><span class='ocrx_word' id='word_1_96' title='bbox 437 2064 577 2151; x_wconf 84' lang='lat' dir='ltr'>Qui</span> <span class='ocrx_word' id='word_1_97' title='bbox 639 2086 797 2132; x_wconf 89' lang='lat' dir='ltr'>cum</span> <span class='ocrx_word' id='word_1_98' title='bbox 860 2063 1046 2132; x_wconf 89' lang='lat' dir='ltr'>haud</span> <span class='ocrx_word' id='word_1_99' title='bbox 1108 2064 1324 2132; x_wconf 91' lang='lat' dir='ltr'>multo</span> <span class='ocrx_word' id='word_1_100' title='bbox 1389 2074 1550 2153; x_wconf 90' lang='lat' dir='ltr'>post</span> <span class='ocrx_word' id='word_1_101' title='bbox 1609 2062 1945 2152; x_wconf 90' lang='lat' dir='ltr'>imperata</span> <span class='ocrx_word' id='word_1_102' title='bbox 2006 2062 2332 2132; x_wconf 85' lang='lat' dir='ltr'>fecissent</span> <span class='ocrx_word' id='word_1_103' title='bbox 2393 2085 2783 2153; x_wconf 91' lang='lat' dir='ltr'>omnesque</span> 
     </span>
     <span class='ocr_line' id='line_1_15' title="bbox 437 2169 2781 2261; baseline -0 -21"><span class='ocrx_word' id='word_1_104' title='bbox 437 2171 751 2261; x_wconf 88' lang='lat' dir='ltr'>captivos</span> <span class='ocrx_word' id='word_1_105' title='bbox 820 2193 900 2241; x_wconf 94' lang='lat' dir='ltr'>se</span> <span class='ocrx_word' id='word_1_106' title='bbox 971 2170 1231 2240; x_wconf 89' lang='lat' dir='ltr'>habere</span> <span class='ocrx_word' id='word_1_107' title='bbox 1302 2169 1660 2254; x_wconf 87' lang='lat' dir='ltr'>dixissent,</span> <span class='ocrx_word' id='word_1_108' title='bbox 1744 2169 2043 2239; x_wconf 91' lang='lat' dir='ltr'>Iulianus</span> <span class='ocrx_word' id='word_1_109' title='bbox 2116 2170 2181 2238; x_wconf 93' lang='lat' dir='ltr'>in</span> <span class='ocrx_word' id='word_1_110' title='bbox 2256 2169 2530 2239; x_wconf 90' lang='lat' dir='ltr'>sublimi</span> <span class='ocrx_word' id='word_1_111' title='bbox 2604 2169 2781 2239; x_wconf 92' lang='lat' dir='ltr'>solio</span> 
     </span>
     <span class='ocr_line' id='line_1_16' title="bbox 443 2275 2783 2367; baseline -0.001 -20"><span class='ocrx_word' id='word_1_112' title='bbox 443 2277 759 2347; x_wconf 89' lang='lat' dir='ltr'>consedit</span> <span class='ocrx_word' id='word_1_113' title='bbox 804 2289 873 2346; x_wconf 94' lang='lat' dir='ltr'>et</span> <span class='ocrx_word' id='word_1_114' title='bbox 911 2276 1315 2363; x_wconf 65' lang='lat' dir='ltr'>¹{constitutis</span> <span class='ocrx_word' id='word_1_115' title='bbox 1360 2288 1523 2367; x_wconf 91' lang='lat' dir='ltr'>post</span> <span class='ocrx_word' id='word_1_116' title='bbox 1567 2276 1635 2345; x_wconf 91' lang='lat' dir='ltr'>id</span> <span class='ocrx_word' id='word_1_117' title='bbox 1684 2276 1978 2345; x_wconf 89' lang='lat' dir='ltr'>tribunal</span> <span class='ocrx_word' id='word_1_118' title='bbox 2030 2275 2312 2346; x_wconf 87' lang='lat' dir='ltr'>notariis</span> <span class='ocrx_word' id='word_1_119' title='bbox 2360 2299 2400 2345; x_wconf 92' lang='lat' dir='ltr'>e</span> <span class='ocrx_word' id='word_1_120' title='bbox 2447 2275 2783 2360; x_wconf 79' lang='lat' dir='ltr'>barbariS,</span> 
     </span>
     <span class='ocr_line' id='line_1_17' title="bbox 435 2382 2785 2474; baseline -0.001 -20"><span class='ocrx_word' id='word_1_121' title='bbox 435 2397 509 2454; x_wconf 93' lang='lat' dir='ltr'>ut</span> <span class='ocrx_word' id='word_1_122' title='bbox 568 2396 1013 2468; x_wconf 88' lang='lat' dir='ltr'>convenerat,</span> <span class='ocrx_word' id='word_1_123' title='bbox 1074 2383 1326 2454; x_wconf 89' lang='lat' dir='ltr'>adesse</span> <span class='ocrx_word' id='word_1_124' title='bbox 1386 2383 1703 2474; x_wconf 89' lang='lat' dir='ltr'>captivos</span> <span class='ocrx_word' id='word_1_125' title='bbox 1766 2382 1983 2453; x_wconf 89' lang='lat' dir='ltr'>iussit.</span> <span class='ocrx_word' id='word_1_126' title='bbox 2045 2383 2180 2452; x_wconf 92' lang='lat' dir='ltr'>Illis</span> <span class='ocrx_word' id='word_1_127' title='bbox 2241 2382 2631 2472; x_wconf 86' lang='lat' dir='ltr'>singillatim</span> <span class='ocrx_word' id='word_1_128' title='bbox 2693 2382 2785 2452; x_wconf 90' lang='lat' dir='ltr'>in·</span> 
     </span>
     <span class='ocr_line' id='line_1_18' title="bbox 432 2489 2784 2581; baseline 0 -22"><span class='ocrx_word' id='word_1_129' title='bbox 432 2491 908 2581; x_wconf 90' lang='lat' dir='ltr'>gredientibus</span> <span class='ocrx_word' id='word_1_130' title='bbox 972 2503 1041 2560; x_wconf 88' lang='lat' dir='ltr'>et</span> <span class='ocrx_word' id='word_1_131' title='bbox 1086 2491 1367 2561; x_wconf 90' lang='lat' dir='ltr'>nomina</span> <span class='ocrx_word' id='word_1_132' title='bbox 1413 2513 1542 2561; x_wconf 92' lang='lat' dir='ltr'>sua</span> <span class='ocrx_word' id='word_1_133' title='bbox 1603 2489 1972 2560; x_wconf 89' lang='lat' dir='ltr'>edentibus</span> <span class='ocrx_word' id='word_1_134' title='bbox 2044 2489 2313 2574; x_wconf 89' lang='lat' dir='ltr'>notarii,</span> <span class='ocrx_word' id='word_1_135' title='bbox 2383 2490 2500 2581; x_wconf 91' lang='lat' dir='ltr'>qui</span> <span class='ocrx_word' id='word_1_136' title='bbox 2560 2513 2784 2581; x_wconf 91' lang='lat' dir='ltr'>prope</span> 
     </span>
     <span class='ocr_line' id='line_1_19' title="bbox 435 2597 2787 2689; baseline 0 -23"><span class='ocrx_word' id='word_1_137' title='bbox 435 2598 768 2668; x_wconf 91' lang='lat' dir='ltr'>Iulianum</span> <span class='ocrx_word' id='word_1_138' title='bbox 814 2600 1109 2683; x_wconf 88' lang='lat' dir='ltr'>stabant,</span> <span class='ocrx_word' id='word_1_139' title='bbox 1160 2622 1248 2669; x_wconf 89' lang='lat' dir='ltr'>ex</span> <span class='ocrx_word' id='word_1_140' title='bbox 1274 2598 1534 2689; x_wconf 41' lang='lat' dir='ltr'>‚libellis</span> <span class='ocrx_word' id='word_1_141' title='bbox 1568 2598 1714 2667; x_wconf 91' lang='lat' dir='ltr'>suis</span> <span class='ocrx_word' id='word_1_142' title='bbox 1750 2620 1992 2667; x_wconf 91' lang='lat' dir='ltr'>eorum</span> <span class='ocrx_word' id='word_1_143' title='bbox 2029 2597 2308 2667; x_wconf 91' lang='lat' dir='ltr'>nomina</span> <span class='ocrx_word' id='word_1_144' title='bbox 2356 2598 2787 2689; x_wconf 88' lang='lat' dir='ltr'>quaerebant</span> 
     </span>
     <span class='ocr_line' id='line_1_20' title="bbox 435 2704 2788 2795; baseline 0 -20"><span class='ocrx_word' id='word_1_145' title='bbox 435 2718 503 2775; x_wconf 94' lang='lat' dir='ltr'>et</span> <span class='ocrx_word' id='word_1_146' title='bbox 551 2728 709 2775; x_wconf 90' lang='lat' dir='ltr'>cum</span> <span class='ocrx_word' id='word_1_147' title='bbox 758 2705 1021 2775; x_wconf 92' lang='lat' dir='ltr'>collatis</span> <span class='ocrx_word' id='word_1_148' title='bbox 1067 2704 1246 2775; x_wconf 89' lang='lat' dir='ltr'>inter</span> <span class='ocrx_word' id='word_1_149' title='bbox 1290 2728 1370 2775; x_wconf 90' lang='lat' dir='ltr'>se</span> <span class='ocrx_word' id='word_1_150' title='bbox 1417 2718 1485 2775; x_wconf 89' lang='lat' dir='ltr'>et</span> <span class='ocrx_word' id='word_1_151' title='bbox 1542 2705 1645 2788; x_wconf 85' lang='lat' dir='ltr'>iis,</span> <span class='ocrx_word' id='word_1_152' title='bbox 1709 2728 1888 2795; x_wconf 88' lang='lat' dir='ltr'>quos</span> <span class='ocrx_word' id='word_1_153' title='bbox 1950 2717 2154 2775; x_wconf 91' lang='lat' dir='ltr'>antea</span> <span class='ocrx_word' id='word_1_154' title='bbox 2201 2705 2788 2795; x_wconf 91' lang='lat' dir='ltr'>consignaverant</span> 
     </span>
     <span class='ocr_line' id='line_1_21' title="bbox 435 2811 2783 2904; baseline -0.001 -21"><span class='ocrx_word' id='word_1_155' title='bbox 435 2825 503 2883; x_wconf 90' lang='lat' dir='ltr'>et</span> <span class='ocrx_word' id='word_1_156' title='bbox 551 2813 841 2882; x_wconf 90' lang='lat' dir='ltr'>Caesari</span> <span class='ocrx_word' id='word_1_157' title='bbox 887 2812 1343 2904; x_wconf 89' lang='lat' dir='ltr'>praesentatis</span> <span class='ocrx_word' id='word_1_158' title='bbox 1391 2813 2015 2903; x_wconf 87' lang='lat' dir='ltr'>deprehendissent</span> <span class='ocrx_word' id='word_1_159' title='bbox 2061 2814 2274 2902; x_wconf 90' lang='lat' dir='ltr'>longe</span> <span class='ocrx_word' id='word_1_160' title='bbox 2320 2811 2558 2903; x_wconf 90' lang='lat' dir='ltr'>plures</span> <span class='ocrx_word' id='word_1_161' title='bbox 2604 2835 2783 2896; x_wconf 89' lang='lat' dir='ltr'>esse,</span> 
     </span>
     <span class='ocr_line' id='line_1_22' title="bbox 437 2918 2787 3010; baseline 0 -23"><span class='ocrx_word' id='word_1_162' title='bbox 437 2918 622 3010; x_wconf 91' lang='lat' dir='ltr'>quia</span> <span class='ocrx_word' id='word_1_163' title='bbox 654 2919 1111 3009; x_wconf 91' lang='lat' dir='ltr'>municipibus</span> <span class='ocrx_word' id='word_1_164' title='bbox 1137 2931 1206 2989; x_wconf 90' lang='lat' dir='ltr'>et</span> <span class='ocrx_word' id='word_1_165' title='bbox 1253 2919 1513 2989; x_wconf 90' lang='lat' dir='ltr'>vicanis</span> <span class='ocrx_word' id='word_1_166' title='bbox 1563 2919 1959 2989; x_wconf 92' lang='lat' dir='ltr'>nominatim</span> <span class='ocrx_word' id='word_1_167' title='bbox 2010 2919 2284 2989; x_wconf 89' lang='lat' dir='ltr'>indicati</span> <span class='ocrx_word' id='word_1_168' title='bbox 2329 2919 2617 3001; x_wconf 86' lang='lat' dir='ltr'>fuerant,</span> <span class='ocrx_word' id='word_1_169' title='bbox 2682 2942 2787 2988; x_wconf 92' lang='lat' dir='ltr'>ac·</span> 
     </span>
     <span class='ocr_line' id='line_1_23' title="bbox 436 3025 2783 3116; baseline 0 -21"><span class='ocrx_word' id='word_1_170' title='bbox 436 3026 762 3096; x_wconf 90' lang='lat' dir='ltr'>cedentes</span> <span class='ocrx_word' id='word_1_171' title='bbox 810 3050 850 3096; x_wconf 92' lang='lat' dir='ltr'>a</span> <span class='ocrx_word' id='word_1_172' title='bbox 899 3038 1104 3116; x_wconf 91' lang='lat' dir='ltr'>tergo</span> <span class='ocrx_word' id='word_1_173' title='bbox 1161 3027 1250 3095; x_wconf 91' lang='lat' dir='ltr'>de</span> <span class='ocrx_word' id='word_1_174' title='bbox 1311 3027 1440 3095; x_wconf 90' lang='lat' dir='ltr'>hac</span> <span class='ocrx_word' id='word_1_175' title='bbox 1500 3050 1578 3096; x_wconf 92' lang='lat' dir='ltr'>re</span> <span class='ocrx_word' id='word_1_176' title='bbox 1627 3027 1957 3095; x_wconf 92' lang='lat' dir='ltr'>Iulianum</span> <span class='ocrx_word' id='word_1_177' title='bbox 2012 3025 2374 3095; x_wconf 88' lang='lat' dir='ltr'>certiorem</span> <span class='ocrx_word' id='word_1_178' title='bbox 2423 3026 2783 3095; x_wconf 88' lang='lat' dir='ltr'>faciebant.</span> 
     </span>
     <span class='ocr_line' id='line_1_24' title="bbox 434 3133 2782 3223; baseline 0 -20"><span class='ocrx_word' id='word_1_179' title='bbox 434 3133 580 3204; x_wconf 86' lang='lat' dir='ltr'>Sed</span> <span class='ocrx_word' id='word_1_180' title='bbox 627 3133 887 3203; x_wconf 92' lang='lat' dir='ltr'>Iuliano</span> <span class='ocrx_word' id='word_1_181' title='bbox 936 3134 1398 3203; x_wconf 91' lang='lat' dir='ltr'>barbarorum</span> <span class='ocrx_word' id='word_1_182' title='bbox 1454 3133 1703 3223; x_wconf 87' lang='lat' dir='ltr'>legatis</span> <span class='ocrx_word' id='word_1_183' title='bbox 1766 3133 2018 3202; x_wconf 91' lang='lat' dir='ltr'>bellum</span> <span class='ocrx_word' id='word_1_184' title='bbox 2084 3133 2521 3217; x_wconf 92' lang='lat' dir='ltr'>comminat0,</span> <span class='ocrx_word' id='word_1_185' title='bbox 2591 3135 2782 3222; x_wconf 93' lang='lat' dir='ltr'>quod</span> 
     </span>
     <span class='ocr_line' id='line_1_25' title="bbox 433 3240 2784 3332; baseline 0 -22"><span class='ocrx_word' id='word_1_186' title='bbox 433 3241 748 3332; x_wconf 87' lang='lat' dir='ltr'>captivos</span> <span class='ocrx_word' id='word_1_187' title='bbox 803 3264 1046 3310; x_wconf 88' lang='lat' dir='ltr'>omnes</span> <span class='ocrx_word' id='word_1_188' title='bbox 1093 3265 1231 3311; x_wconf 93' lang='lat' dir='ltr'>non</span> <span class='ocrx_word' id='word_1_189' title='bbox 1279 3240 1748 3311; x_wconf 88' lang='lat' dir='ltr'>reddidissent</span> <span class='ocrx_word' id='word_1_190' title='bbox 1794 3263 2183 3329; x_wconf 90' lang='lat' dir='ltr'>eorumque</span> <span class='ocrx_word' id='word_1_191' title='bbox 2230 3240 2527 3322; x_wconf 91' lang='lat' dir='ltr'>nomina,</span> <span class='ocrx_word' id='word_1_192' title='bbox 2579 3240 2694 3329; x_wconf 89' lang='lat' dir='ltr'>qui</span> <span class='ocrx_word' id='word_1_193' title='bbox 2743 3264 2784 3310; x_wconf 94' lang='lat' dir='ltr'>e</span> 
     </span>
     <span class='ocr_line' id='line_1_26' title="bbox 433 3344 2784 3440; baseline -0 -24"><span class='ocrx_word' id='word_1_194' title='bbox 433 3347 723 3436; x_wconf 89' lang='lat' dir='ltr'>singulis</span> <span class='ocrx_word' id='word_1_195' title='bbox 785 3348 1059 3440; x_wconf 91' lang='lat' dir='ltr'>oppidis</span> <span class='ocrx_word' id='word_1_196' title='bbox 1119 3361 1188 3418; x_wconf 94' lang='lat' dir='ltr'>et</span> <span class='ocrx_word' id='word_1_197' title='bbox 1234 3347 1404 3418; x_wconf 93' lang='lat' dir='ltr'>vicis</span> <span class='ocrx_word' id='word_1_198' title='bbox 1468 3350 1817 3432; x_wconf 91' lang='lat' dir='ltr'>deessent,</span> <span class='ocrx_word' id='word_1_199' title='bbox 1888 3344 2436 3437; x_wconf 87' lang='lat' dir='ltr'>suggerentibus</span> <span class='ocrx_word' id='word_1_200' title='bbox 2500 3347 2784 3416; x_wconf 91' lang='lat' dir='ltr'>notariis</span> 
     </span>
     <span class='ocr_line' id='line_1_27' title="bbox 432 3453 2784 3546; baseline 0 -23"><span class='ocrx_word' id='word_1_201' title='bbox 432 3455 799 3545; x_wconf 89' lang='lat' dir='ltr'>prolocuto</span> <span class='ocrx_word' id='word_1_202' title='bbox 847 3454 1124 3524; x_wconf 89' lang='lat' dir='ltr'>barbari</span> <span class='ocrx_word' id='word_1_203' title='bbox 1170 3455 1298 3524; x_wconf 87' lang='lat' dir='ltr'>rati</span> <span class='ocrx_word' id='word_1_204' title='bbox 1346 3454 1582 3524; x_wconf 91' lang='lat' dir='ltr'>divino</span> <span class='ocrx_word' id='word_1_205' title='bbox 1634 3456 1939 3546; x_wconf 87' lang='lat' dir='ltr'>quodam</span> <span class='ocrx_word' id='word_1_206' title='bbox 1990 3468 2163 3523; x_wconf 89' lang='lat' dir='ltr'>nutu</span> <span class='ocrx_word' id='word_1_207' title='bbox 2198 3453 2308 3523; x_wconf 88' lang='lat' dir='ltr'>vel</span> <span class='ocrx_word' id='word_1_208' title='bbox 2355 3453 2784 3524; x_wconf 90' lang='lat' dir='ltr'>abditissima</span> 
     </span>
     <span class='ocr_line' id='line_1_28' title="bbox 432 3560 2781 3652; baseline 0 -22"><span class='ocrx_word' id='word_1_209' title='bbox 432 3573 502 3630; x_wconf 93' lang='lat' dir='ltr'>et</span> <span class='ocrx_word' id='word_1_210' title='bbox 531 3562 771 3651; x_wconf 91' lang='lat' dir='ltr'>ignota</span> <span class='ocrx_word' id='word_1_211' title='bbox 796 3561 1082 3631; x_wconf 88' lang='lat' dir='ltr'>Caesari</span> <span class='ocrx_word' id='word_1_212' title='bbox 1117 3561 1492 3651; x_wconf 91' lang='lat' dir='ltr'>significari</span> <span class='ocrx_word' id='word_1_213' title='bbox 1521 3583 1790 3645; x_wconf 80' lang='lat' dir='ltr'>omneS,</span> <span class='ocrx_word' id='word_1_214' title='bbox 1843 3584 2022 3651; x_wconf 91' lang='lat' dir='ltr'>quos</span> <span class='ocrx_word' id='word_1_215' title='bbox 2050 3560 2256 3630; x_wconf 90' lang='lat' dir='ltr'>vivos</span> <span class='ocrx_word' id='word_1_216' title='bbox 2290 3560 2781 3652; x_wconf 87' lang='lat' dir='ltr'>repperissent,</span> 
     </span>
     <span class='ocr_line' id='line_1_29' title="bbox 430 3667 1765 3759; baseline 0.002 -21"><span class='ocrx_word' id='word_1_217' title='bbox 430 3691 509 3738; x_wconf 90' lang='lat' dir='ltr'>se</span> <span class='ocrx_word' id='word_1_218' title='bbox 554 3667 932 3738; x_wconf 90' lang='lat' dir='ltr'>tradituros</span> <span class='ocrx_word' id='word_1_219' title='bbox 980 3691 1139 3739; x_wconf 91' lang='lat' dir='ltr'>esse</span> <span class='ocrx_word' id='word_1_220' title='bbox 1185 3668 1461 3759; x_wconf 89' lang='lat' dir='ltr'>polliciti</span> <span class='ocrx_word' id='word_1_221' title='bbox 1510 3672 1765 3752; x_wconf 77' lang='lat' dir='ltr'>sunt2).</span> 
     </span>
    </p>

    <p class='ocr_par' dir='ltr' id='par_1_3' title="bbox 432 3774 2787 4080">
     <span class='ocr_line' id='line_1_30' title="bbox 646 3774 2785 3866; baseline 0.001 -23"><span class='ocrx_word' id='word_1_222' title='bbox 646 3774 1186 3865; x_wconf 89' lang='lat' dir='ltr'>Nonnumquam</span> <span class='ocrx_word' id='word_1_223' title='bbox 1247 3775 1548 3845; x_wconf 92' lang='lat' dir='ltr'>Romani</span> <span class='ocrx_word' id='word_1_224' title='bbox 1610 3798 1959 3844; x_wconf 91' lang='lat' dir='ltr'>memores</span> <span class='ocrx_word' id='word_1_225' title='bbox 2023 3775 2539 3860; x_wconf 89' lang='lat' dir='ltr'>beneficiorum,</span> <span class='ocrx_word' id='word_1_226' title='bbox 2604 3799 2785 3866; x_wconf 90' lang='lat' dir='ltr'>quae</span> 
     </span>
     <span class='ocr_line' id='line_1_31' title="bbox 432 3881 2784 3972; baseline 0 -21"><span class='ocrx_word' id='word_1_227' title='bbox 432 3894 862 3970; x_wconf 87' lang='lat' dir='ltr'>acceperant,</span> <span class='ocrx_word' id='word_1_228' title='bbox 928 3882 1243 3972; x_wconf 91' lang='lat' dir='ltr'>captivos</span> <span class='ocrx_word' id='word_1_229' title='bbox 1291 3882 1764 3952; x_wconf 88' lang='lat' dir='ltr'>liberaverunt</span> <span class='ocrx_word' id='word_1_230' title='bbox 1810 3881 2358 3970; x_wconf 89' lang='lat' dir='ltr'>dimiseruntque</span> <span class='ocrx_word' id='word_1_231' title='bbox 2380 3886 2452 3967; x_wconf 76' lang='lat'>⁸).</span> <span class='ocrx_word' id='word_1_232' title='bbox 2546 3883 2784 3972; x_wconf 90' lang='lat' dir='ltr'>Atque</span> 
     </span>
     <span class='ocr_line' id='line_1_32' title="bbox 433 3987 2787 4080; baseline 0.001 -25"><span class='ocrx_word' id='word_1_233' title='bbox 433 3987 691 4056; x_wconf 88' lang='lat' dir='ltr'>homini</span> <span class='ocrx_word' id='word_1_234' title='bbox 739 3989 920 4059; x_wconf 92' lang='lat' dir='ltr'>bene</span> <span class='ocrx_word' id='word_1_235' title='bbox 967 3989 1211 4058; x_wconf 92' lang='lat' dir='ltr'>merito</span> <span class='ocrx_word' id='word_1_236' title='bbox 1259 3988 1349 4057; x_wconf 93' lang='lat' dir='ltr'>de</span> <span class='ocrx_word' id='word_1_237' title='bbox 1395 3989 1658 4080; x_wconf 92' lang='lat' dir='ltr'>populo</span> <span class='ocrx_word' id='word_1_238' title='bbox 1691 3990 2017 4059; x_wconf 90' lang='lat' dir='ltr'>Romano</span> <span class='ocrx_word' id='word_1_239' title='bbox 2064 3989 2267 4080; x_wconf 91' lang='lat' dir='ltr'>copia</span> <span class='ocrx_word' id='word_1_240' title='bbox 2315 3989 2463 4058; x_wconf 92' lang='lat' dir='ltr'>dari</span> <span class='ocrx_word' id='word_1_241' title='bbox 2510 4001 2787 4078; x_wconf 90' lang='lat' dir='ltr'>poterat</span> 
     </span>
    </p>
   </div>
   <div class='ocr_carea' id='block_1_3' title="bbox 434 4128 846 4138">
    <p class='ocr_par' dir='ltr' id='par_1_4' title="bbox 434 4128 846 4138">
     <span class='ocr_line' id='line_1_33' title="bbox 434 4128 846 4138; baseline 0 0"><span class='ocrx_word' id='word_1_242' title='bbox 434 4128 846 4138; x_wconf 95' lang='lat' dir='ltr'> </span> 
     </span>
    </p>
   </div>
   <div class='ocr_carea' id='block_1_4' title="bbox 607 4186 2785 4351">
    <p class='ocr_par' dir='ltr' id='par_1_5' title="bbox 607 4186 2785 4351">
     <span class='ocr_line' id='line_1_34' title="bbox 607 4186 2785 4262; baseline -0 -18"><span class='ocrx_word' id='word_1_243' title='bbox 607 4204 615 4210; x_wconf 91' lang='lat'>·</span> <span class='ocrx_word' id='word_1_244' title='bbox 650 4186 691 4258; x_wconf 85' lang='lat'>¹)</span> <span class='ocrx_word' id='word_1_245' title='bbox 731 4187 897 4245; x_wconf 78' lang='lat' dir='ltr'>CaSS.</span> <span class='ocrx_word' id='word_1_246' title='bbox 936 4188 1065 4246; x_wconf 90' lang='lat' dir='ltr'>Dio.</span> <span class='ocrx_word' id='word_1_247' title='bbox 1103 4207 1191 4262; x_wconf 93' lang='lat'>71,</span> <span class='ocrx_word' id='word_1_248' title='bbox 1234 4206 1318 4260; x_wconf 88' lang='lat'>11,</span> <span class='ocrx_word' id='word_1_249' title='bbox 1357 4206 1417 4260; x_wconf 74' lang='lat'>25</span> <span class='ocrx_word' id='word_1_250' title='bbox 1455 4192 1544 4262; x_wconf 90' lang='lat'>67,</span> <span class='ocrx_word' id='word_1_251' title='bbox 1583 4204 1647 4262; x_wconf 78' lang='lat'>73</span> <span class='ocrx_word' id='word_1_252' title='bbox 1685 4188 1884 4244; x_wconf 85' lang='lat' dir='ltr'>Amm.</span> <span class='ocrx_word' id='word_1_253' title='bbox 1915 4206 1998 4262; x_wconf 89' lang='lat'>17,</span> <span class='ocrx_word' id='word_1_254' title='bbox 2039 4207 2126 4259; x_wconf 89' lang='lat' dir='ltr'>1o,</span> <span class='ocrx_word' id='word_1_255' title='bbox 2163 4205 2222 4261; x_wconf 78' lang='lat'>73</span> <span class='ocrx_word' id='word_1_256' title='bbox 2260 4187 2479 4244; x_wconf 90' lang='lat' dir='ltr'>Zosim.</span> <span class='ocrx_word' id='word_1_257' title='bbox 2521 4206 2569 4258; x_wconf 93' lang='lat'>1,</span> <span class='ocrx_word' id='word_1_258' title='bbox 2606 4189 2696 4259; x_wconf 82' lang='lat'>68,</span> <span class='ocrx_word' id='word_1_259' title='bbox 2732 4205 2785 4259; x_wconf 85' lang='lat'>3.</span> 
     </span>
     <span class='ocr_line' id='line_1_35' title="bbox 647 4275 1218 4351; baseline 0.002 -18"><span class='ocrx_word' id='word_1_260' title='bbox 647 4275 689 4346; x_wconf 78' lang='lat'>⁸)</span> <span class='ocrx_word' id='word_1_261' title='bbox 728 4277 947 4334; x_wconf 90' lang='lat' dir='ltr'>Zosim.</span> <span class='ocrx_word' id='word_1_262' title='bbox 985 4297 1038 4350; x_wconf 84' lang='lat'>3,</span> <span class='ocrx_word' id='word_1_263' title='bbox 1076 4297 1129 4351; x_wconf 91' lang='lat'>4,</span> <span class='ocrx_word' id='word_1_264' title='bbox 1166 4279 1218 4334; x_wconf 90' lang='lat'>6.</span> 
     </span>
    </p>
   </div>
   <div class='ocr_carea' id='block_1_5' title="bbox 429 4366 2788 4535">
    <p class='ocr_par' dir='ltr' id='par_1_6' title="bbox 429 4366 2788 4535">
     <span class='ocr_line' id='line_1_36' title="bbox 660 4366 2788 4443; baseline 0 -19"><span class='ocrx_word' id='word_1_265' title='bbox 660 4366 703 4437; x_wconf 82' lang='lat'>⁸)</span> <span class='ocrx_word' id='word_1_266' title='bbox 743 4367 972 4441; x_wconf 86' lang='lat' dir='ltr'>Ioseph.</span> <span class='ocrx_word' id='word_1_267' title='bbox 994 4369 1049 4423; x_wconf 92' lang='lat' dir='ltr'>b.</span> <span class='ocrx_word' id='word_1_268' title='bbox 1070 4368 1110 4424; x_wconf 91' lang='lat'>1.</span> <span class='ocrx_word' id='word_1_269' title='bbox 1153 4385 1200 4439; x_wconf 92' lang='lat'>1,</span> <span class='ocrx_word' id='word_1_270' title='bbox 1237 4370 1290 4439; x_wconf 85' lang='lat'>8,</span> <span class='ocrx_word' id='word_1_271' title='bbox 1326 4370 1364 4423; x_wconf 95' lang='lat'><strong>6</strong></span> <span class='ocrx_word' id='word_1_272' title='bbox 1375 4386 1391 4439; x_wconf 66' lang='grc' dir='ltr'><strong><em>ς</em></strong></span> <span class='ocrx_word' id='word_1_273' title='bbox 1429 4369 1580 4425; x_wconf 91' lang='lat' dir='ltr'>Plut.</span> <span class='ocrx_word' id='word_1_274' title='bbox 1599 4369 1741 4425; x_wconf 94' lang='lat' dir='ltr'>Luc.</span> <span class='ocrx_word' id='word_1_275' title='bbox 1770 4387 1854 4441; x_wconf 90' lang='lat'>19,</span> <span class='ocrx_word' id='word_1_276' title='bbox 1897 4386 1993 4439; x_wconf 71' lang='lat'>103</span> <span class='ocrx_word' id='word_1_277' title='bbox 2030 4368 2201 4437; x_wconf 90' lang='lat' dir='ltr'>Dion.</span> <span class='ocrx_word' id='word_1_278' title='bbox 2227 4368 2360 4426; x_wconf 86' lang='lat' dir='ltr'>Hal.</span> <span class='ocrx_word' id='word_1_279' title='bbox 2396 4369 2450 4441; x_wconf 90' lang='lat'>6,</span> <span class='ocrx_word' id='word_1_280' title='bbox 2488 4384 2558 4443; x_wconf 86' lang='lat'>25</span> <span class='ocrx_word' id='word_1_281' title='bbox 2570 4385 2588 4439; x_wconf 85' lang='lat'>;</span> <span class='ocrx_word' id='word_1_282' title='bbox 2626 4366 2788 4424; x_wconf 91' lang='lat' dir='ltr'>Suet.</span> 
     </span>
     <span class='ocr_line' id='line_1_37' title="bbox 429 4454 1823 4535; baseline 0.001 -24"><span class='ocrx_word' id='word_1_283' title='bbox 429 4456 611 4529; x_wconf 89' lang='lat' dir='ltr'>Vesp.</span> <span class='ocrx_word' id='word_1_284' title='bbox 650 4472 685 4529; x_wconf 86' lang='lat'>5</span> <span class='ocrx_word' id='word_1_285' title='bbox 698 4472 714 4528; x_wconf 66' lang='grc' dir='ltr'><strong><em>ς</em></strong></span> <span class='ocrx_word' id='word_1_286' title='bbox 753 4454 925 4515; x_wconf 89' lang='lat' dir='ltr'>Diod.</span> <span class='ocrx_word' id='word_1_287' title='bbox 965 4456 1072 4533; x_wconf 88' lang='lat' dir='ltr'>frg.</span> <span class='ocrx_word' id='word_1_288' title='bbox 1113 4475 1201 4533; x_wconf 82' lang='lat'>34,</span> <span class='ocrx_word' id='word_1_289' title='bbox 1240 4475 1311 4533; x_wconf 85' lang='lat'>23</span> <span class='ocrx_word' id='word_1_290' title='bbox 1322 4476 1339 4532; x_wconf 83' lang='lat'>;</span> <span class='ocrx_word' id='word_1_291' title='bbox 1380 4458 1553 4514; x_wconf 90' lang='lat' dir='ltr'>Oros.</span> <span class='ocrx_word' id='word_1_292' title='bbox 1593 4477 1643 4535; x_wconf 91' lang='lat'>7,</span> <span class='ocrx_word' id='word_1_293' title='bbox 1681 4476 1733 4529; x_wconf 91' lang='lat'>9,</span> <span class='ocrx_word' id='word_1_294' title='bbox 1771 4477 1823 4534; x_wconf 88' lang='lat'>3.</span> 
     </span>
    </p>
   </div>
  </div>
 </body>
</html>
