3467 5350
1310 619 1754 688 ..49-

359 798 560 867 etiam
635 799 722 866 ad
795 797 1043 886 gravia
1112 809 1181 865 et
1237 791 1466 864 'saeva
1527 795 1984 864 Hannibalem
2056 795 2454 879 recessisse,
2531 818 2708 885 quae

359 919 584 975 tamen
622 905 845 993 magis
879 905 1154 973 casibus
1190 927 1269 972 ac
1302 903 1736 992 temporibus
1768 902 2073 971 attribuit
2104 926 2308 992 quam
2345 903 2708 972 Hannibali

359 1014 564 1103 ipsi¹).
640 1012 759 1097 Ἐξ
807 1015 889 1077 ὧν
935 1015 1029 1078 καὶ
1075 1016 1208 1077 λίαν
1267 1015 1575 1101 δυσχερές,
1641 1014 2054 1100 ἀποφήνασθαι
2114 1014 2243 1100 περὶ
2290 1022 2409 1100 τῆς
2449 1011 2708 1098 Ἀννίβου

361 1125 623 1211 φύσεως,
672 1124 762 1185 διά
808 1144 874 1185 τε
921 1122 1030 1207 τὴν
1077 1128 1198 1184 τῶν
1247 1122 1436 1207 φίλων
1483 1121 1820 1208 παράθεσιν,
1884 1121 1978 1182 καὶ
2026 1120 2136 1205 τὴν
2184 1126 2303 1182 τῶν
2350 1126 2709 1207 πραγμάτιον

360 1233 713 1318 περίστασιν.
807 1228 1028 1317 Κρατεῖ
1087 1251 1150 1312 γε
1217 1228 1332 1313 μὴν
1397 1229 1435 1314 ἡ
1505 1231 1675 1315 φήμη
1744 1229 1902 1315 παρὰ
1967 1226 2071 1310 μὲν
2121 1226 2549 1315 Καρχηδονίοις
2617 1228 2709 1302 ὡς

361 1339 739 1425 φιλαργύρου,
787 1338 945 1424 παροὶ
990 1331 1406 1418 ῧὲςΡωμαίοκζ
1453 1334 1544 1407 ὡς
1592 1335 1756 1416 ὠμοῦ
1798 1338 2106 1419 γενομένου
2148 1335 2326 1397 αὑτοῦ
2348 1333 2417 1422 2).
2498 1333 2710 1401 Plane

360 1442 489 1510 alia
524 1454 770 1509 natura
804 1441 1077 1509 videtur
1123 1440 1334 1509 fuisse
1367 1439 1874 1522 Hasdrubal,
1927 1441 2033 1508 cui
2067 1439 2304 1529 Scipio
2339 1440 2711 1513 Africanus

360 1549 586 1618 minor
647 1548 1027 1638 opprobrio
1093 1548 1444 1616 vertebat:
1514 1549 1783 1634 ἀσέβειαν
1850 1551 1943 1623 εἰς
2005 1547 2153 1623 τοὺς
2203 1550 2709 1638 αἰχμαλώτουςῧ).

361 1657 620 1744 Magna
666 1656 1094 1745 indulgentia
1140 1655 1644 1744 Philippum
1681 1654 2139 1723 Macedonem
2188 1679 2388 1724 usum
2441 1678 2599 1724 esse
2646 1656 2713 1724 in

362 1763 675 1853 captivos
732 1763 971 1832 Livius
1034 1762 1409 1831 memoriae
1457 1762 1689 1853 prodit
1706 1766 1778 1845 4),
1847 1770 1930 1828 ut
1974 1773 2107 1851 per
2164 1788 2270 1830 eos
2332 1766 2720 1830 conciliaret

353 1879 649 1958 gentem.
701 1870 1023 1961 Denique
1056 1869 1325 1939 silentio
1362 1869 1655 1938 transire
1688 1892 1829 1937 non
1866 1892 2156 1958 possum
2190 1870 2711 1954 Antiochum,

362 1978 557 2055 cuius
604 1977 671 2046 in
733 1989 1148 2068 potestatem
1199 1977 1388 2045 venit
1447 1975 1796 2066 Scipionis
1859 1975 2073 2045 filius:
2121 1981 2320 2045 Illud
2355 1980 2519 2044 satis
2566 2003 2715 2044 con-

362 2092 518 2169 stat,
568 2098 642 2154 ut
693 2085 992 2154 Livianis
1041 2085 1276 2153 verbis
1321 2097 1475 2152 utar
1495 2089 1564 2168 ⁶),
1627 2087 1695 2150 si
1722 2094 1874 2172 pax
1921 2110 2072 2151 cum
2108 2089 2361 2174 populo
2406 2091 2716 2153 Romano

365 2202 672 2260 maneret
720 2196 1216 2281 hospitiumque
1256 2195 1583 2281 privatim
1650 2195 1805 2279 regi
1844 2216 1996 2259 cum
2040 2196 2468 2281 Scipionibus
2528 2202 2713 2268 esset,

365 2325 583 2389 neque
643 2303 988 2369 liberalius
1047 2325 1267 2389 neque
1332 2302 1689 2387 benignius
1752 2302 1990 2367 haberi
2030 2303 2284 2387 colique
2329 2303 2716 2368 adulescen-

365 2416 515 2483 tem,
569 2433 770 2496 quam
819 2412 1042 2475 cultus
1090 2416 1204 2483 est,
1244 2410 1561 2496 potuisse.

580 2535 683 2602 Ex
731 2534 833 2619 iis,
895 2557 1074 2624 quae
1121 2534 1255 2602 iam
1305 2532 1658 2624 praefatus
1706 2554 1884 2615 sum,
1948 2532 2113 2601 satis
2178 2533 2401 2601 elucet
2462 2545 2716 2602 certam

365 2643 679 2731 regulam
719 2641 1008 2712 inveniri
1041 2665 1183 2711 non
1215 2664 1450 2733 posse.
1544 2640 1691 2711 Sed
1724 2651 1981 2709 tantam
2035 2640 2301 2731 copiam
2353 2640 2719 2710 testimoni·

366 2773 566 2818 orum
611 2750 763 2818 libri
811 2762 1172 2818 auctorum
1216 2763 1531 2819 veterum
1584 2747 1785 2817 nobis
1834 2760 2226 2833 servarunt,
2279 2761 2351 2818 ut
2396 2750 2530 2817 hoc
2580 2749 2718 2839 qui-

366 2857 527 2923 dem
588 2856 915 2946 colligere
976 2880 1365 2946 possemuS,
1442 2878 1621 2945 quae
1693 2857 2058 2947 qualisque
2125 2855 2443 2925 condicio
2516 2856 2717 2946 capti-

262 2958 267 2964 ’
367 2984 615 3029 vorum
663 2962 1143 3031 Romanorum
1193 2963 1258 3031 in
1307 2975 1650 3053 potestate
1697 2963 2000 3031 hostium
2051 2985 2210 3031 esse
2254 2963 2530 3031 soleret.

583 3087 1102 3176 Antiquissimis
1165 3089 1595 3179 temporibus
1659 3111 1799 3177 quo
1848 3087 1998 3156 iure
2045 3089 2202 3157 belli
2250 3089 2357 3157 usi
2405 3089 2539 3157 sint
2583 3089 2721 3158 Ro-

370 3193 552 3261 mani
592 3194 656 3262 in
703 3194 1037 3284 captivos,
1088 3194 1552 3263 difficillimum
1581 3207 1687 3263 est
1714 3194 2107 3278 diiudicatu,
2157 3197 2348 3285 quod
2384 3195 2464 3264 iis
2509 3196 2716 3280 libris,

372 3302 621 3391 quibus
683 3303 911 3392 agitur
968 3304 1056 3372 de
1105 3306 1400 3391 infantia
1435 3306 1683 3391 populi
1721 3306 2086 3387 Romaniss)
2135 3326 2461 3392 magnam
2512 3302 2719 3372 fidem

368 3409 629 3478 habere
696 3433 832 3479 non
903 3411 1263 3480 audemus.
1371 3410 1685 3494 Accedit,
1759 3412 1947 3500 quod
2015 3410 2273 3500 ubique
2340 3411 2719 3501 periculum

371 3528 499 3598 est,
566 3540 653 3585 ne
700 3531 1026 3587 auctores
1073 3518 1244 3606 iura,
1299 3519 1518 3608 leges,
1569 3540 1825 3601 moreS,
1873 3518 2177 3587 instituta
2224 3542 2393 3588 suae
2427 3518 2722 3609 quisque

368 3624 613 3693 aetatis
647 3626 1118 3696 transtulerint
1149 3626 1214 3694 in
1249 3638 1566 3717 tempora
1605 3625 2014 3717 antiquiora.
2109 3625 2255 3695 Sed
2304 3638 2535 3696 tamen
2585 3628 2718 3695 boc

370 3754 588 3800 unum
635 3755 915 3824 semper
962 3733 1124 3802 mihi
1171 3734 1431 3803 solacio
1480 3733 1608 3803 erit
1654 3733 1813 3802 talia
1868 3734 1936 3802 in
1981 3734 2242 3824 populo
2291 3757 2722 3823 unoquoque

370 3838 599 3908 solere
632 3839 1145 3910 inveterascere
1176 3864 1402 3930 neque
1439 3841 1617 3909 intra
1650 3841 1817 3911 satis
1851 3841 2092 3910 brevia
2125 3840 2458 3930 temporis
2500 3841 2722 3929 spatia

371 3946 639 4013 mutari.
732 3946 971 4037 Itaque
1004 3970 1168 4037 spes
1202 3948 1403 4018 nobis
1438 3971 1574 4016 non
1608 3947 1931 4016 adimitur
1963 3947 2359 4037 pingendae
2405 3946 2720 4033 imaginis

374 4053 692 4139 quamvis
740 4054 1213 4139 adumbratae,
1272 4070 1499 4125 tamen
1551 4078 1689 4125 non
1739 4056 1952 4124 falsae
2000 4067 2390 4145 temporum
2441 4053 2720 4143 antiqui-

587 4289 635 4352 1)
674 4286 743 4343 cf·
782 4287 984 4360 Polyb.
1025 4288 1132 4360 frg.
1169 4307 1221 4360 9,
1261 4308 1346 4361 24,
1385 4292 1438 4347 8.
1501 4323 1557 4332 ——
1627 4290 1668 4358 ²)
1708 4291 1912 4363 Polyb.
1949 4309 2002 4362 9,
2041 4293 2128 4361 26,
2169 4308 2251 4345 10.
2310 4321 2365 4330 —-
2431 4287 2476 4358 ⁸)
2516 4287 2719 4359 Polyb.

371 4375 478 4449 frg.
517 4395 604 4449 39,
642 4396 693 4448 2,
736 4396 783 4433 1.
852 4410 918 4421 -
985 4377 1028 4447 ⁴)
1067 4379 1196 4434 Liv.
1235 4382 1321 4451 36,
1364 4398 1448 4452 14,
1487 4400 1536 4453 7.
1611 4414 1666 4421 —
1742 4381 1784 4451 ⁵)
1824 4381 1951 4437 Liv.
1989 4398 2076 4452 37,
2114 4398 2200 4454 34,
2240 4398 2289 4452 7.
2349 4412 2415 4421 —
2483 4378 2525 4447 θ)
2564 4377 2610 4432 F
2615 4378 2720 4433 lor.

372 4484 421 4537 1,
464 4485 510 4539 1,
547 4484 599 4540 5.
