3467 5350
1642 562 2082 632 „30-

913 757 1347 845 Quocumque
1393 759 1730 836 inflexum
1769 764 2097 848 perducto
2144 770 2436 851 tempore
2482 773 2708 854 torpor

902 868 1277 931 Inclinavit
1317 869 1517 942 iners,
1543 870 1842 954 fodiunt
1881 872 1979 935 ad
2018 874 2270 955 viscera
2319 884 2569 960 corpus,

903 988 1049 1058 Sed
1121 990 1317 1057 etiam
1370 990 1718 1079 Regulum
1789 994 1976 1063 cruci
2042 996 2322 1064 affixum
2386 997 2640 1067 Silius
2705 999 3041 1069 Italicus

694 1096 798 1163 his
842 1097 1165 1164 versibus
1215 1098 1518 1168 celebrat
1565 1125 1626 1184 2,
1675 1108 2012 1191 343l344:
2062 1106 2220 1179 vidi,
2273 1129 2423 1170 cum
2473 1108 2697 1172 robore
2732 1110 3044 1193 pendens

688 1207 1092 1290 Hesperiam
1142 1230 1335 1272 cruce
1378 1211 1682 1274 sublimis
1725 1219 2057 1297 spectaret
2097 1214 2178 1276 ab
2223 1216 2377 1279 alta.

906 1353 968 1412 2,
1026 1332 1358 1420 435l436:
1434 1337 1650 1401 Juxta
1718 1338 1908 1402 triste
1976 1339 2178 1402 decus
2234 1340 2494 1425 pendet
2555 1340 2680 1404 sub
2748 1341 3043 1426 imagine

678 1448 940 1526 poenae

902 1549 1216 1633 Regulus
1263 1555 1330 1613 et
1347 1550 1539 1635 fidei
1577 1551 1697 1615 dat
1742 1574 1989 1637 magna
2038 1554 2343 1638 exempla
2389 1555 2720 1639 Sagunta

906 1671 1206 1740 Crucem
1255 1672 1463 1761 igitur
1509 1674 1762 1763 Reguli
1811 1689 2394 1744 commemorant:
2466 1677 2810 1760 Seneca,
2864 1679 2920 1748 F
2932 1679 3042 1747 lo-

690 1802 855 1861 ruS,
905 1777 1156 1848 Silius
1206 1779 1557 1853 Italicus,

905 1903 1109 1989 Quos
1142 1905 1453 1994 supplicii
1491 1906 1744 1974 modos
1792 1906 1900 1974 alii
1947 1909 2402 1992 narraverint,
2452 1909 2656 1978 tradit
2690 1909 3041 1980 Gellius:

692 2012 776 2080 N.
804 2012 891 2085 A.
922 2035 982 2102 7,
1031 2035 1108 2101 4:
1168 2016 1502 2081 Tubero:
1549 2016 1623 2080 in
1669 2022 1875 2090 atras,
1926 2018 2172 2103 inquit,
2220 2024 2287 2085 et
2316 2020 2702 2106 profundas
2742 2020 3048 2085 tenebras

691 2144 844 2186 eum
879 2123 1282 2187 claudebant
1306 2146 1385 2187 ac
1410 2123 1529 2188 diu
1562 2130 1737 2210 post,
1787 2125 1909 2188 ubi
1949 2131 2097 2190 erat
2137 2127 2322 2191 visus
2364 2127 2469 2191 sol
2507 2127 3044 2200 ardentissimus,

691 2235 964 2316 repente
1028 2231 1399 2295 educebant
1441 2236 1508 2295 et
1548 2233 1873 2298 adversus
1920 2233 2091 2297 ictus
2134 2234 2292 2297 solis
2337 2235 2706 2321 oppositum
2758 2235 3048 2299 contine-

693 2337 856 2401 bant
914 2342 1119 2423 atque
1164 2338 1516 2404 intendere
1562 2340 1635 2403 in
1684 2340 1942 2404 caelum
1990 2341 2209 2404 oculos
2258 2341 2587 2427 cogebant.
2678 2342 3049 2426 Palpebras

692 2465 951 2530 quoque
979 2445 1142 2518 eius,
1192 2467 1279 2509 ne
1319 2446 1623 2512 conivere
1642 2452 1885 2533 posset,
1933 2470 2208 2513 sursum
2256 2470 2335 2512 ac
2381 2449 2689 2513 deorsum
2739 2449 3049 2513 diductas

692 2551 1066 2618 insuebant.

903 2673 1394 2744 Tuditanus:
1443 2701 1780 2743 venenum
1813 2680 1946 2743 sibi
1967 2681 2087 2766 (sc.
2119 2678 2421 2767 Regulo)
2458 2682 3050 2767 Carthaginienses

692 2785 968 2858 dedisse,
1018 2808 1155 2849 non
1192 2788 1762 2872 praesentarium,
1826 2789 1951 2852 sed
1991 2789 2335 2862 eiusmodi,
2402 2791 2583 2875 quod
2636 2796 2910 2855 mortem
2973 2791 3046 2853 in

692 2892 868 2955 diem
889 2894 1243 2979 proferret,
1296 2917 1367 2958 eo
1398 2895 1684 2968 consilia,
1736 2900 1818 2958 ut
1861 2895 2116 2961 viveret
2145 2896 2412 2981 quidem
2446 2897 2793 2982 tantisper,
2831 2898 3056 2982 quoad

693 3001 914 3085 fieret
943 3002 1374 3087 permutatio,
1429 3007 1589 3088 post
1629 3007 1854 3066 autem
1896 3009 2257 3088 grassante
2300 3004 2548 3068 sensim
2596 3026 2852 3068 veneno
2898 3026 3045 3068 con-

691 3108 1060 3173 tabesceret.

905 3229 1051 3300 Sed
1087 3232 1404 3321 quamvis
1439 3231 1604 3299 Atili
1635 3232 1887 3321 Reguli
1931 3255 2121 3302 mors
2163 3234 2465 3303 obscura
2514 3246 2788 3303 maneat
2833 3247 3043 3323 atque

692 3361 821 3407 nos
853 3361 1035 3407 nunc
1067 3339 1382 3428 legamus
1415 3339 1680 3408 fabulas
1724 3364 1765 3408 a
1798 3341 2191 3410 rhetoribus
2241 3353 2635 3423 exornataS,
2685 3342 2740 3409 P
2760 3365 2802 3410 o
2822 3364 2860 3410 e
2881 3364 3041 3411 nos

691 3446 1110 3517 cruciavisse
1142 3447 1419 3537 saepius
1456 3458 1697 3536 captos
1730 3447 1973 3516 hostes
2017 3459 2226 3536 atque
2276 3449 2591 3517 stimulos
2626 3460 2695 3517 et
2727 3448 3041 3517 flammas

690 3553 1089 3622 adhibuisse
1121 3554 1322 3622 etiam
1358 3555 1501 3624 aliis
1536 3554 1705 3624 locis
1747 3566 1817 3623 et
1850 3554 1993 3623 aliis
2026 3556 2456 3645 temporibus
2505 3568 2789 3625 narrant
2834 3556 3041 3645 scrip-

691 3673 880 3729 tores
911 3683 1138 3749 neque
1171 3660 1418 3730 infitias
1451 3662 1549 3730 ire
1581 3662 1810 3731 licebit
1844 3664 2015 3731 haec
2058 3663 2445 3731 testimonia
2479 3664 2738 3732 habere
2786 3662 3039 3752 aliquid

690 3768 838 3835 veri
862 3768 925 3857 ¹).

903 3892 1121 3961 Etiam
1159 3892 1392 3963 Galli
1426 3894 1553 3963 sibi
1586 3918 1726 3963 non
1760 3907 2193 3985 temperasse
2223 3894 2561 3978 dicuntur,
2600 3895 2761 3986 quin
2795 3907 3039 3985 captos

690 3999 1033 4068 interdum
1081 4001 1261 4070 fame
1310 4001 1740 4091 vinculisque
1789 4003 2355 4088 excruciarent2).

906 4256 948 4323 ¹)
988 4255 1158 4310 Diod.
1189 4254 1296 4326 frg.
1326 4271 1413 4326 25,
1452 4271 1512 4325 35
1551 4272 1637 4325 25,
1680 4272 1775 4323 10;
1812 4257 1901 4325 26,
1943 4273 2025 4325 14,
2065 4253 2127 4326 23
2165 4255 2311 4311 Zon.
2340 4273 2393 4325 9,
2431 4272 2483 4325 2,
2521 4272 2555 4326 5
2568 4272 2583 4324 ;
2623 4253 2829 4326 Polyb.
2864 4271 2910 4323 1,
2949 4270 3038 4324 79,

689 4360 752 4413 43
794 4361 842 4413 Ι,
877 4345 965 4413 8ο,
1003 4361 1062 4414 4;
1105 4361 1152 4414 1,
1189 4346 1277 4414 81,
1315 4362 1378 4415 43
1423 4362 1471 4414 1,
1506 4344 1594 4415 86,
1632 4361 1696 4415 43
1740 4362 1786 4415 Ι,
1824 4346 1912 4414 88,
1950 4345 2001 4400 6·

904 4431 947 4502 ²)
987 4432 1155 4489 Caes·
1196 4434 1250 4490 b·
1291 4434 1359 4490 G·
1398 4451 1450 4505 5,
1488 4451 1575 4505 45,
1619 4451 1674 4502 13
1715 4452 1766 4504 7,
1805 4452 1892 4503 20,
1929 4451 1989 4504 93
2029 4451 2079 4505 7,
2118 4435 2205 4504 38,
2241 4436 2293 4489 8-
