3467 5350
1617 520 2064 589 ..38—

665 740 880 809 supra
913 715 1456 785 commemoravi
1477 720 1549 799 ¹).
1621 714 1964 803 Iosephus
1995 726 2287 783 testatur
2314 713 2545 782 Titum
2581 725 2739 781 ante
2774 711 3012 780 Hiero·

666 826 1099 914 solymorum
1148 823 1420 891 moenia
1470 823 1798 890 Iudaeum
1850 822 2195 912 quendam
2246 819 2432 889 cruci
2493 819 2682 908 affigi
2729 818 3016 888 iussisse

668 955 754 1000 eo
781 931 1033 1012 anim0,
1081 942 1157 998 ut
1203 929 1445 1019 reliqui
1492 930 1626 998 hoc
1666 929 2066 1019 spectaculo
2114 927 2424 997 exterriti
2471 928 2750 1018 paulum
2797 949 2877 995 se
2922 925 3012 993 in·

669 1039 998 1107 clinarent
1018 1041 1091 1126 ²).
1184 1038 1428 1126 Atque
1473 1036 1634 1105 Tito
1700 1037 2091 1106 miseranda
2139 1035 2506 1103 videbatur
2553 1034 2703 1102 talis
2753 1033 3015 1102 calami·

667 1157 794 1227 taS,
856 1167 1011 1212 cum
1079 1143 1310 1212 ludaei
1370 1143 1435 1212 in
1486 1142 1637 1211 dies
1685 1142 1998 1231 singulos
2047 1141 2425 1231 quingenti,
2492 1163 3011 1229 nonnumquam

668 1251 871 1320 etiam
942 1251 1178 1342 plures
1241 1262 1687 1341 caperentur:
1760 1252 1909 1332 sed,
1972 1249 2133 1338 quia
2194 1261 2412 1317 tutum
2477 1271 2616 1316 non
2679 1269 2840 1316 esse
2887 1246 3017 1315 sibi

666 1358 1012 1447 persuasit
1059 1358 1126 1426 vi
1184 1370 1424 1447 captos
1459 1357 1799 1425 dimittere
1843 1379 2068 1445 neque
2114 1355 2612 1425 multitudinem
2661 1353 3014 1423 custodire

665 1467 907 1558 potuit,
981 1489 1107 1535 eos
1179 1466 1364 1535 cruci
1428 1465 1549 1553 figi
1614 1488 1754 1534 non
1828 1465 2262 1554 prohibebat,
2342 1465 2531 1552 quod
2610 1464 2802 1553 ipsos
2880 1464 3014 1533 hoc

666 1586 1045 1663 conspectu
1071 1572 1477 1663 perterritos
1498 1572 1915 1642 deditionem
1945 1572 2250 1641 facturos
2278 1594 2436 1640 esse
2460 1572 2785 1661 speravit,
2814 1570 3012 1659 quasi

663 1679 906 1749 similia
954 1702 1317 1770 passuroS,
1374 1680 1502 1748 nisi
1547 1703 1626 1749 se
1689 1680 2044 1749 dederent.
2139 1678 2388 1748 Milites
2451 1691 2677 1748 autern
2740 1678 2840 1747 ira
2898 1692 3014 1747 aut

667 1786 830 1855 odio
864 1787 1122 1856 incensi
1176 1788 1364 1856 cruci
1410 1786 1792 1875 affigebant
1839 1800 2081 1877 captos
2128 1786 2356 1855 modis
2402 1786 2696 1854 diversis
2743 1786 3013 1855 ludibrii

666 1916 879 1962 causa
939 1906 1008 1962 et
1063 1907 1349 1983 propter
1396 1881 1897 1962 multitudinem
1947 1893 2240 1983 spatium
2292 1893 2611 1961 crucibus
2660 1893 2901 1961 deerat
2947 1908 3013 1961 et

666 2000 1080 2090 corporibus
1130 2024 1372 2070 cruces
1391 2004 1460 2086 ⁸).

880 2108 1019 2175 lam
1068 2107 1260 2197 prius
1309 2107 1717 2192 Quinctilius
1765 2106 1996 2176 Varus
2046 2109 2130 2175 ad
2181 2108 2324 2175 duo
2371 2107 2551 2176 milia
2595 2107 3007 2176 Iudaeorum

666 2212 1137 2281 rebellantium
1180 2214 1245 2282 in
1281 2236 1522 2282 cruces
1554 2213 1913 2296 sustulit⁴).
2008 2212 2167 2281 Hoc
2200 2212 2538 2304 supplicio
2572 2214 2840 2282 Poeni
2874 2236 3012 2281 non

665 2341 916 2387 servos
982 2332 1264 2402 tantum,
1329 2320 1451 2388 sed
1517 2342 1832 2388 summos
1881 2343 2105 2409 aeque
2153 2332 2362 2409 atque
2410 2318 2684 2389 infimos
2733 2320 3010 2389 afficere

665 2425 983 2493 solebant
1002 2430 1071 2508 ⁵).
1166 2426 1356 2494 Bello
1405 2426 1803 2494 Poenorum
1869 2449 2025 2494 cum
2087 2426 2576 2494 mercennariis
2641 2427 3013 2496 coniuratis

668 2543 872 2620 gesto
930 2533 1150 2621 magis
1195 2533 1559 2623 magisque
1609 2546 1903 2622 utraque
1950 2556 2115 2623 pars
2161 2533 2225 2601 in
2277 2545 2656 2623 conspectu
2714 2534 3011 2604 hostium

665 2641 846 2709 bello
884 2654 1123 2731 captos
1172 2641 1495 2710 crucibus
1545 2640 1943 2727 affixeratfl).
2041 2641 2289 2731 Neque
2337 2640 2629 2710 alienum
2680 2653 2831 2711 erat
2877 2642 3009 2712 hoc

664 2747 977 2838 supplicii
1008 2770 1232 2837 genus
1282 2773 1321 2817 a
1369 2749 1642 2838 populis
1692 2749 1975 2818 orientis
1998 2753 2065 2831 ⁷).
2159 2750 2326 2818 Erat
2374 2750 2774 2819 clementiae
2820 2751 3012 2841 prius

664 2855 1013 2944 iugulatos
1063 2856 1248 2925 cruci
1294 2856 1484 2945 affigi
1504 2859 1575 2945 ⁸).

876 2962 1276 3031 Proximum
1314 2976 1443 3044 est,
1489 2976 1561 3032 ut
1592 2963 2008 3034 mentionem
2043 2964 2285 3034 faciam
2323 2964 2754 3054 captivorum
2796 2966 3013 3055 pati·

663 3068 876 3137 bulo
926 3069 1314 3153 affixorum,
1379 3071 1568 3158 quod
1618 3071 2025 3161 supplicium
2077 3094 2214 3140 non
2265 3071 2488 3140 minus
2536 3086 2683 3140 erat
2729 3072 3014 3161 ignomi-

661 3172 958 3245 niosum.
1054 3176 1382 3246 Patibulis
1446 3201 1575 3268 pro
1638 3179 1960 3247 crucibus
2022 3201 2362 3268 persaepe
2424 3182 2796 3248 utebantur
2842 3180 3012 3250 Ger·

662 3281 842 3351 mani
865 3287 933 3367 ⁹).
1029 3283 1277 3373 Neque
1310 3284 1579 3353 silentio
1613 3288 2111 3355 transeundum
2148 3308 2305 3354 esse
2354 3300 2521 3376 puto
2571 3309 2610 3354 a
2644 3286 3012 3356 Germanis

662 3390 977 3479 captivos
1011 3391 1276 3480 laqueis
1310 3392 1488 3459 collo
1519 3391 1748 3460 inditis
1789 3416 1877 3461 ex
1910 3392 2279 3461 arboribus
2312 3414 2701 3483 suspensos
2735 3415 2893 3461 esse
2913 3394 3010 3478 ¹⁰).

659 3496 850 3564 Idem
902 3496 1061 3564 fecit
1104 3496 1443 3585 Diegylis,
1491 3497 1848 3567 Thracum
1898 3505 2138 3583 rex11).

876 3750 918 3819 ¹)
957 3767 1014 3821 p.
1052 3751 1140 3819 64.
1197 3779 1252 3789 -·
1314 3749 1356 3819 ²)
1395 3751 1625 3822 Ioseph.
1664 3752 1718 3804 b.
1759 3751 1799 3805 Ι.
1837 3767 1890 3822 5,
1926 3752 1979 3821 6,
2017 3767 2071 3822 5.
2116 3783 2170 3791 -
2217 3749 2260 3820 ⁸)
2299 3751 2530 3824 Ioseph.
2570 3753 2625 3807 b.
2664 3751 2705 3806 Ι.
2742 3768 2795 3822 5,
2839 3769 2920 3821 11,
2962 3769 3010 3806 ι.

873 3836 918 3908 ⁴)
956 3838 1187 3911 Ioseph.
1228 3848 1343 3895 ant.
1383 3840 1503 3894 Iud.
1547 3858 1629 3912 17,
1673 3858 1755 3907 10,
1798 3858 1865 3896 10
1876 3858 1893 3910 3
1933 3841 1986 3895 b.
2026 3840 2065 3895 Ι.
2103 3859 2154 3910 2,
2192 3857 2244 3911 5,
2282 3859 2333 3895 2.

873 3927 917 3997 ⁶)
956 3928 1162 4001 Polyb.
1185 3948 1229 3998 1,
1255 3945 1420 3999 11,5;
1460 3928 1657 3984 lustin.
1677 3931 1760 3999 18,
1781 3948 1832 4002 7,
1857 3946 1952 4001 15;
1990 3947 2162 4002 22,7;
2198 3929 2429 3999 Liv.22,
2473 3947 2555 4000 13,
2592 3947 2656 4000 95
2695 3930 2782 4001 28,
2820 3948 2908 4002 37,
2945 3948 3011 4000 23

657 4034 783 4088 per.
825 4035 890 4089 17
903 4034 920 4087 ;
977 4017 1125 4073 Plut.
1165 4019 1306 4073 Fab.
1344 4018 1501 4074 Max.
1540 4020 1609 4089 6;
1644 4018 1822 4074 Silius
1858 4019 1981 4076 Ital.
2024 4037 2072 4089 1,
2114 4037 2216 4092 153
2228 4037 2244 4089 ;
2281 4019 2329 4074 F
2332 4019 2436 4074 lor.
2474 4037 2527 4089 2,
2564 4037 2616 4089 2,
2653 4037 2741 4092 25.

793 4106 915 4251 26.)
954 4107 1159 4180 P⁰lyb·
1203 4127 1250 4178 Ῑ)
1288 4126 1374 4181 79)
1414 4125 1476 4178 4ἶ
1539 4126 1584 4178 Ῑ)
1621 4109 1710 4178 86,
1749 4127 1811 4179 45
1872 4127 1920 4179 1,
1955 4110 2044 4180 86,
2081 4110 2144 4178 63
2210 4108 2380 4164 DiOd·
2421 4108 2529 4180 frg·
2567 4126 2656 4180 25,
2693 4126 2745 4181 5)
2800 4127 2863 4179 23
2921 4127 3011 4182 25,

659 4214 754 4265 10,
864 4214 1212 4359 '⁷)2{ppian.
1251 4287 1447 4342 Mithr.
1484 4306 1572 4360 97.
1620 4321 1676 4328 —
1734 4286 1778 4357 ⁸)
1817 4287 1978 4344 Suet.
2018 4287 2187 4342 CaeS.
2227 4306 2313 4361 74.
2360 4322 2416 4329 —
2475 4288 2517 4358 ⁹)
2558 4288 2745 4344 Tacit.
2784 4305 2919 4343 ann.
2961 4306 3009 4359 1,

653 4377 753 4448 613
809 4394 860 4448 4,
911 4393 1009 4448 725
1068 4394 1151 4448 14,
1196 4394 1284 4451 33.
1353 4410 1410 4418 —
1484 4377 1549 4448 ¹⁰)
1591 4378 1765 4435 Oros
1805 4395 1854 4451 5,
1908 4379 1991 4448 16,
2039 4378 2090 4432 6.
2128 4409 2201 4418 -
2255 4378 2320 4450 ¹¹)
2360 4377 2531 4436 Diod.
2572 4377 2680 4452 frg.
2717 4396 2805 4451 33,
2851 4394 2933 4451 15.
