3467 5350
1385 551 1854 606 0-1110-

443 728 851 825 Pompeiu‘m
902 731 1151 823 aliquid
1197 744 1515 801 moveret
1536 737 1602 818 1).
1697 732 2002 803 Arsinoe
2051 732 2133 801 in.
2167 732 2452 803 fratrum
2499 729 2793 822 gratiam

445 853 551 911 est
598 841 881 910 dimissa
901 840 972 929 ²).
1676 865 1680 870 ·

659 965 752 1035 Ut
811 964 1109 1034 Romani
1171 987 1450 1056 semper
1508 964 2050 1053 ignominiosum
2112 987 2268 1034 esse
2330 966 2665 1055 putabant
2726 966 2792 1035 in

446 1072 747 1142 hostium
813 1094 1060 1141 manus
1126 1072 1385 1156 venire,
1457 1072 1550 1140 ita
1609 1095 1731 1141 eos
1794 1094 2097 1162 quoque,
2172 1072 2289 1161 qui
2337 1074 2425 1141 ab
2473 1072 2793 1143 hostibus

446 1179 988 1260 remittebantur,
1059 1177 1346 1247 infames
1408 1178 1760 1247 habebant
1820 1192 2030 1268 atque
2092 1202 2319 1270 poena
2383 1179 2792 1249 afficiebant.

446 1285 655 1377 Appii
720 1285 989 1356 Claudii
1051 1291 1137 1372 (a.
1200 1308 1334 1377 279
1393 1308 1452 1354 a.
1515 1284 1710 1369 Chr.)
1781 1286 2121 1355 sententia
2181 1299 2466 1356 senatus
2529 1287 2794 1357 consul·

445 1404 588 1462 tum
651 1393 903 1461 factum
953 1404 1079 1475 est,
1148 1404 1244 1476 ut,
1313 1392 1428 1481 qui
1475 1414 1515 1460 a
1564 1392 1840 1482 Pyrrho
1890 1392 2069 1484 capti
2116 1405 2185 1462 et
2230 1404 2475 1482 postea
2522 1394 2793 1463 remissi

446 1513 698 1583 essent,
748 1499 1017 1590 equites
1066 1500 1154 1568 ad
1202 1499 1501 1590 peditem
1554 1498 2057 1588 redigerentur,
2115 1500 2383 1590 pedites
2432 1501 2518 1570 ad
2566 1502 2792 1571 levem

445 1618 887 1690 armaturam,
960 1606 1280 1675 omnibus
1346 1618 1545 1675 extra
1606 1608 1859 1676 vallum
1925 1607 2129 1677 iussis
2194 1608 2501 1691 tendere,
2568 1608 2793 1678 donec

446 1713 606 1782 bina
675 1713 976 1783 hostium
1047 1713 1270 1803 spolia
1338 1713 1595 1803 singuli
1665 1713 2022 1783 referrent.
2133 1714 2386 1804 Neque
2445 1715 2545 1784 eis
2610 1714 2795 1784 licuit

446 1821 673 1889 locum
745 1833 940 1890 extra
1010 1832 1240 1889 castra
1308 1821 1749 1909 adsignatum
1813 1821 1996 1889 vallo
2066 1833 2184 1890 aut
2251 1821 2443 1891 fossa
2513 1821 2794 1911 cingere

446 1950 673 2017 neque
743 1927 1111 1996 tentorium
1185 1950 1273 1996 ex
1342 1927 1634 2017 pellibus
1704 1927 1966 1997 habere
1984 1931 2056 2012 ⁸).
2167 1928 2389 1998 Etiam
2456 1928 2794 2000 Otacilius

448 2032 752 2103 Crassus
809 2034 1051 2104 consul
1112 2056 1260 2118 eos,
1327 2033 1442 2125 qui
1503 2034 1591 2102 ab
1652 2034 2046 2103 Hannibale
2106 2037 2237 2103 sub
2301 2035 2540 2124 iugum
2604 2034 2793 2105 missi

447 2141 813 2229 redierant,
890 2141 1180 2211 tendere
1251 2153 1447 2211 extra
1516 2142 1770 2211 vallum
1844 2141 2060 2225 iussit,
2139 2153 2214 2210 ut
2280 2142 2614 2212 immuniti
2682 2144 2795 2213 ad-

449 2260 858 2318 suescerent
918 2247 1241 2339 periculis
1301 2260 1371 2317 et
1430 2249 1774 2318 adversus
1836 2249 2106 2319 hostem
2172 2248 2615 2318 audentiores
2681 2249 2793 2318 fie-

445 2367 599 2425 rent
621 2358 688 2439 ⁴).
782 2355 1023 2445 Atque
1076 2377 1336 2444 operae
1384 2355 1677 2445 pretium
1729 2367 1856 2438 est,
1927 2356 2104 2424 hanc
2151 2377 2435 2424 narrare
2482 2355 2792 2425 historio·

445 2463 601 2545 lam,
661 2484 801 2551 qua
845 2462 1065 2532 simile
1115 2463 1277 2553 quid
1326 2463 1721 2537 illustratur.
1817 2463 2053 2553 Eques
2103 2463 2380 2552 quidam
2429 2462 2794 2540 Romanus

445 2591 485 2636 a
533 2568 805 2639 Iudaeis
853 2582 1118 2659 captuS,
1169 2592 1324 2639 cum
1375 2571 1507 2638 iam
1559 2570 1832 2658 gladius
1879 2570 2358 2659 stringeretur,
2422 2571 2666 2659 effugit
2703 2572 2792 2640 ad

443 2674 698 2750 Titum.
792 2677 998 2746 Hunc
1030 2677 1230 2747 Titus
1277 2680 1365 2747 ab
1415 2678 1733 2747 hostibus
1782 2679 2097 2769 elapsum
2148 2678 2468 2747 occidere
2511 2678 2792 2767 quidem

445 2808 582 2853 non
631 2783 969 2868 sustinuit,
1034 2785 1312 2855 militem
1362 2809 1535 2855 vero
1585 2809 1743 2855 esse
1790 2786 2129 2855 Romanis
2171 2785 2530 2874 indignum
2581 2798 2793 2868 ratuS,

445 2890 603 2981 quia
637 2891 841 2960 vivus
872 2891 1096 2961 fuerat
1129 2905 1394 2982 captuS,
1444 2891 1654 2961 armis
1687 2892 1929 2961 ablatis
1968 2915 2124 2961 eum
2173 2892 2435 2983 pepulit
2481 2891 2791 2981 agmine:

446 3020 626 3088 quae
657 3021 772 3066 res
804 2998 978 3081 viro,
1027 2998 1095 3066 in
1128 3021 1270 3087 quo
1301 3011 1408 3069 est
1441 2998 1603 3087 quid
1637 2998 1949 3088 pudoris,
1998 3011 2222 3068 morte
2269 2998 2557 3087 gravior
2603 3004 2791 3084 est⁶).

660 3122 972 3191 Inermes
1030 3123 1194 3211 quin
1255 3122 1528 3192 remissi
1573 3123 1707 3192 sint
1770 3123 2040 3213 captivi,
2105 3122 2389 3191 dubium
2447 3146 2585 3191 non
2634 3144 2794 3191 esse

446 3233 764 3319 potest0).

660 3336 998 3406 Homines
1043 3337 1380 3426 privatos,
1429 3337 1488 3406 si
1535 3337 1820 3407 consilia
1869 3335 2141 3406 hostilia
2186 3336 2479 3405 inierant
2523 3336 2588 3404 in
2639 3335 2795 3405 civi·

446 3455 654 3513 tatem
689 3444 1022 3513 societate
1068 3445 1505 3513 coniunctam
1553 3458 1764 3535 atque
1812 3444 1993 3535 capti
2040 3457 2256 3528 erant,
2307 3467 2388 3512 ea
2435 3467 2635 3533 genS,
2684 3467 2793 3513 cu·

664 3588 704 3658 ¹)
744 3587 909 3644 Cass
948 3587 1078 3645 Dio.
1116 3606 1203 3660 41,
1245 3591 1329 3661 18,
1369 3604 1429 3659 13
1468 3589 1699 3661 Ioseph.
1741 3597 1857 3644 ant.
1895 3589 2016 3645 Iud.
2059 3606 2142 3659 14,
2184 3606 2252 3660 13
2263 3605 2279 3658 3
2319 3589 2373 3643 b.
2412 3588 2453 3645 Ι.
2494 3606 2542 3658 1,
2579 3606 2631 3659 9,
2673 3606 2721 3644 1.

660 3675 704 3747 ⁸)
743 3677 908 3733 Cass
946 3677 1075 3733 Dio,
1114 3695 1204 3749 43,
1246 3696 1328 3749 19,
1367 3696 1419 3749 4.

661 3765 704 3836 ⁸)
743 3766 939 3822 Front.
978 3774 1220 3839 strateg.
1258 3785 1310 3838 4,
1351 3785 1399 3838 1,
1441 3769 1538 3838 183
1603 3767 1731 3824 Liv.
1770 3785 1858 3840 25,
1894 3769 1947 3838 6,
1990 3785 2085 3839 153
2151 3766 2280 3822 Val.
2318 3767 2476 3822 Max.
2513 3784 2565 3837 2,
2604 3785 2655 3840 7,
2696 3785 2764 3839 15
2776 3785 2793 3838 ς

443 3852 572 3926 Lip.
612 3853 751 3926 epit.
793 3872 861 3926 13
873 3872 889 3925 ;
939 3855 1180 3927 Eutrop.
1219 3873 1271 3926 2,
1311 3873 1380 3927 13
1391 3874 1407 3926 3
1456 3857 1601 3912 Zon.
1639 3858 1692 3927 8,
1730 3875 1795 3929 4:
1851 3860 1953 3918 τοῖς
2003 3855 2047 3908 δ’
2086 3853 2422 3928 αἰχμαλώτοις
2460 3853 2652 3928 ἀτιμίαν
2686 3853 2795 3910 τινὰ

447 3941 499 3995 ἐν
533 3945 641 4003 ταῖς
679 3942 958 4015 στρατείαις
995 3941 1242 3997 ἐπέθεσαν
1276 3940 1354 3998 καὶ
1392 3942 1505 3999 οὔτε
1542 3943 1674 4018 πρὸς
1705 3943 1793 3999 τὸν
1831 3942 2035 4019 Πύῤῥον
2073 3942 2237 4006 αὐτοῖς
2274 3941 2346 3998 ἔτι
2376 3942 2651 4017 ἐχρήσαντο
2690 3942 2793 3998 οὔτ’

445 4029 634 4085 ἄλλοσέ
659 4049 744 4085 ποι
767 4030 995 4106 ἀθρόοις,
1035 4029 1112 4086 ἵνα
1149 4034 1219 4108 μή
1245 4052 1292 4087 τι
1329 4031 1453 4106 ὁμοῦ
1492 4033 1632 4095 ὄντες
1668 4032 2047 4107 νεωτερίσωσιν,
2084 4032 2200 4086 ἀλλ’
2239 4031 2427 4093 ἄλλους
2463 4031 2598 4106 ἄλλῃ
2638 4051 2793 4106 φρου-

444 4121 689 4192 ρήσοντας
727 4117 964 4194 ἔπεμψαν.

658 4208 703 4280 ⁴)
743 4210 787 4265 F
794 4210 1003 4267 rontin.
1043 4219 1283 4284 strateg.
1322 4230 1373 4283 4,
1415 4229 1462 4283 1,
1504 4229 1587 4284 19.

659 4296 703 4368 ⁵)
741 4299 971 4371 Ioseph.
1011 4301 1066 4355 b.
1104 4299 1144 4357 1.
1182 4301 1236 4370 6,
1271 4318 1305 4374 7
1365 4318 1412 4356 1.

659 4385 702 4457 ⁶)
741 4387 870 4444 Liv.
906 4389 996 4459 36,
1037 4406 1121 4460 14,
1162 4406 1247 4445 11.
