3467 5350
1715 597 2160 685 -33-

764 793 1117 882 Sequitur,
1190 805 1263 862 ut
1309 793 1802 881 antiquissimis
1850 793 2300 885 temporibuS,
2369 814 2523 861 cum
2571 790 2833 860 finitimi
2879 791 3113 882 populi

764 900 1098 970 domandi
1167 913 1383 985 erant,
1455 901 1755 970 Romani
1819 901 1926 971 usi
1986 901 2121 971 sint
2187 900 2371 990 iugo.
2468 899 2826 984 Nimirum,
2898 898 3110 989 quod,

762 1008 822 1077 si
879 1009 1214 1078 maiorum
1281 1008 1706 1079 exercituum
1776 1009 2093 1099 singulos
2159 1009 2408 1078 milites
2472 1010 2605 1077 sub
2671 1007 2911 1097 iugum
2969 1006 3109 1075 mit·

763 1129 910 1185 tere
980 1116 1369 1186 voluissent
1434 1116 1754 1201 Romani,
1828 1117 2242 1207 permultum
2313 1115 2646 1207 temporis
2709 1127 2896 1185 esset
2957 1136 3110 1184 con-

763 1235 1139 1315 sumptum.
1214 1223 1583 1294 Deseritur
1613 1224 1825 1314 igitur
1858 1226 2311 1308 consuetudO,
2358 1247 2447 1293 ex
2481 1246 2622 1313 quo
2655 1246 2912 1312 magna
2943 1221 3109 1313 peri-

765 1332 1147 1421 culosaque
1219 1333 1399 1401 bella
1472 1335 1900 1422 gerebantur
1974 1355 2128 1402 cum
2204 1332 2461 1402 exteris
2538 1330 2930 1400 nationibus
2998 1329 3113 1399 vel

762 1440 1020 1509 Poenis
1067 1440 1180 1510 vel
1226 1440 1731 1510 Macedonibus
1779 1442 1892 1511 vel
1939 1442 2161 1531 Syris.

978 1549 1047 1618 A
1079 1547 1585 1618 Samnitibus
1616 1548 1982 1619 Romanos
2014 1551 2145 1618 sub
2178 1549 2418 1639 iugum
2453 1546 2707 1617 missos
2742 1569 2900 1617 esse
2946 1544 3114 1616 satis

765 1667 1055 1725 constat.
1132 1656 1199 1725 A
1227 1656 1520 1726 Graecis
1546 1658 1983 1726 consuetudo
2008 1656 2118 1726 illa
2143 1657 2345 1748 plane
2371 1655 2590 1725 aliena
2616 1667 2782 1724 erat.
2864 1653 3114 1744 Neque

763 1763 943 1831 enim
977 1785 1305 1853 umquam
1338 1787 1378 1832 a
1413 1764 1760 1833 Graecis
1792 1765 2033 1833 hostes
2064 1763 2382 1833 devictos
2415 1762 2545 1833 sub
2580 1763 2817 1852 iugum
2853 1764 3114 1830 missos

762 1871 1186 1962 accepimus:
1208 1871 1418 1939 immo
1433 1870 1816 1960 Dionysius
1829 1870 2469 1941 Halicarnassensis
2486 1871 2699 1939 homo
2716 1892 2883 1939 vere
2899 1869 3114 1939 Grae-

765 2002 887 2047 cus
913 1978 1149 2068 iugum
1179 1977 1714 2068 ignominiosum
1740 1979 2221 2047 Romanorum
2248 1978 2575 2048 describit
2594 1990 2947 2068 tamquam
2974 2000 3114 2046 mo·

763 2109 911 2155 rem
934 2086 1224 2155 Graecis
1252 2108 1514 2153 novum
1544 2098 1612 2155 et
1644 2085 1920 2155 minime
1952 2086 2358 2174 usitatum1).
2409 2086 2509 2155 At
2541 2085 2648 2154 alii
2681 2085 2918 2176 populi
2944 2086 3112 2176 iugo

763 2193 869 2262 usi
894 2205 1073 2262 sunt.
1166 2192 1647 2277 Hannibal,
1689 2193 1833 2262 dux
1859 2194 2259 2263 Poenorum
2293 2194 2575 2284 primo
2611 2194 2794 2263 bello
2824 2192 3111 2278 Punic0,

764 2301 1126 2370 Romanos
1152 2300 1549 2389 subiugum
1583 2301 1762 2377 misit
1775 2305 1843 2387 2).
1911 2302 2312 2391 Iugurtha
2334 2301 2694 2371 Romanos
2721 2300 2949 2370 affecit
2971 2300 3116 2390 iugi

765 2408 1178 2478 contumelia
1197 2411 1273 2497 ⁸).
1322 2408 1674 2496 Legiones
1698 2409 2059 2477 Romanas
2091 2409 2157 2478 in
2180 2408 2577 2498 Hispania
2602 2409 2787 2498 apud
2815 2408 3115 2477 Numan-

764 2514 925 2583 tiam
969 2517 1098 2583 sub
1141 2515 1379 2604 iugum
1431 2514 1679 2584 missas
1714 2538 1872 2584 esse
1906 2515 2111 2585 tradit
2141 2514 2516 2605 Eutropius
2535 2519 2606 2599 4).
2694 2515 3114 2604 Tigurini

766 2628 848 2710 (a.
890 2645 1018 2713 107
1053 2644 1111 2691 a.
1149 2621 1344 2711 Chr.)
1378 2622 1757 2692 exercitum
1788 2623 1866 2692 L.
1898 2622 2100 2693 Cassi
2145 2623 2448 2692 consulis
2481 2623 2613 2691 sub
2646 2621 2884 2712 iugum
2922 2623 3115 2694 mise-

764 2741 924 2797 runt
940 2736 1012 2815 ⁵).
1088 2730 1520 2800 Mithridates
1568 2730 1634 2798 in
1685 2730 2001 2800 oratione
2048 2731 2215 2799 satis
2263 2730 2710 2816 memorabili,
2759 2753 2967 2820 quam
3014 2731 3115 2800 Iu-

764 2837 985 2906 stinus
1047 2837 1422 2907 memoriae
1492 2839 1744 2928 prodit,
1820 2863 1863 2905 a
1923 2840 2156 2905 multis
2216 2840 2590 2906 civitatibus
2650 2842 2895 2906 Italiae
2955 2838 3119 2907 dicit

767 2948 1010 3012 deletos
1040 2949 1507 3012 Romanorum
1552 2949 1891 3013 exercitus
1896 2949 2105 3034 ferri,
2154 2971 2196 3012 a
2230 2947 2626 3034 quibusdam
2659 2971 2706 3013 n
2724 2972 2760 3013 0
2780 2971 2821 3013 v
2838 2972 2874 3013 0
2919 2972 2952 3013 c
2968 2971 3005 3013 0
3020 2970 3067 3012 n
3086 2987 3114 2998 -

766 3061 937 3119 tum
957 3055 1186 3120 eliae
1217 3077 1439 3119 more
1466 3056 1590 3119 sub
1623 3056 1863 3141 iugum
1904 3056 2134 3120 mis-sos
2155 3055 2225 3143 ⁰).
2323 3053 2621 3122 Neronis
2655 3065 2879 3122 aetate
2902 3052 3112 3142 legio·

767 3183 892 3229 nes
940 3160 1300 3229 Romanae
1347 3160 1414 3228 in
1461 3160 1798 3230 Armenia
1845 3162 1978 3230 sub
2026 3160 2301 3250 iugum
2348 3160 2806 3231 Parthicum
2858 3160 3113 3231 missae

764 3280 929 3337 sunt
949 3268 1018 3357 ⁷).
1092 3267 1238 3337 Sed
1296 3268 1481 3336 nullo
1529 3270 1685 3338 loco
1734 3268 2011 3338 invenio
2061 3271 2149 3338 ab
2197 3269 2276 3339 iis
2325 3268 2618 3361 populiS,
2670 3292 2849 3359 quos
2898 3267 3109 3336 modo

766 3375 1329 3460 commemoravi,
1385 3376 1554 3445 alios
1602 3378 1843 3445 hostes
1891 3377 2022 3446 sub
2071 3376 2309 3465 iugum
2362 3377 2615 3446 missos
2663 3399 2821 3445 esse
2868 3399 2949 3445 ac
2975 3376 3109 3444 Ro-

766 3505 1031 3551 manos.
1124 3482 1281 3551 Hos
1329 3481 1492 3571 quin
1552 3482 1693 3572 iugi
1752 3483 2165 3553 contumelia
2211 3483 2586 3568 affecerint,
2636 3482 2921 3552 dubium
2973 3505 3109 3552 non

767 3770 851 3825 15,
889 3770 950 3824 93
988 3753 1218 3808 Iordan.
1245 3751 1417 3808 Rom.
1436 3753 1693 3825 14511465
1732 3754 1852 3810 Cic.
1867 3753 1963 3810 off.
1978 3771 2031 3826 3,
2072 3771 2200 3825 1095
2238 3753 2426 3809 Tacit.
2442 3771 2575 3809 ann.
2599 3771 2684 3823 11,
2720 3771 2818 3824 24;
2855 3753 3111 3826 Appian.

763 3842 963 3898 Samn.
1001 3860 1053 3912 4,
1095 3860 1151 3912 13
1189 3860 1241 3912 4,
1279 3859 1340 3911 43
1380 3842 1544 3899 Cass,
1584 3843 1714 3900 Dio.
1754 3843 1862 3915 frg.
1901 3845 1953 3913 8,
1991 3861 2088 3913 223
2124 3845 2177 3914 8,
2215 3845 2304 3916 36,
2345 3861 2437 3914 105
2475 3843 2619 3899 Zon.
2659 3862 2710 3916 7,
2747 3845 2834 3900 26.

982 3931 1022 4004 ¹)
1061 3930 1231 4004 Dion.
1269 3931 1401 3987 Hal.
1438 3951 1492 4004 3,
1530 3950 1617 3987 21.

980 4020 1023 4092 ²)
1062 4021 1109 4076 F
1113 4021 1324 4076 rontin.
1364 4030 1605 4094 strateg.
1643 4042 1696 4093 4,
1739 4041 1787 4093 1,
1829 4040 1912 4093 19.

980 4110 1022 4182 ⁸)
1061 4111 1199 4168 Sall.
1238 4111 1360 4184 Iug.
1397 4113 1485 4183 38,
1522 4130 1584 4183 93
1624 4111 1693 4168 cf.
1732 4113 1975 4185 Eutrop.
2017 4130 2101 4182 10,
2144 4130 2227 4186 17,
2266 4131 2316 4169 2.

976 4200 1025 4272 ⁴)
1068 4219 1151 4272 10,
1193 4219 1278 4274 17,
1316 4219 1367 4257 2.

979 4289 1022 4359 ⁸)
1062 4290 1233 4346 Caes.
1273 4292 1326 4345 b.
1368 4291 1437 4347 G.
1480 4310 1528 4362 1,
1566 4310 1617 4364 7,
1656 4309 1716 4362 43
1759 4310 1808 4362 1,
1849 4310 1935 4362 12,
1972 4293 2033 4363 63
2071 4292 2328 4365 Appian.
2370 4293 2517 4350 Gall.
2559 4312 2607 4364 1,
2644 4313 2696 4368 3.

980 4379 1023 4450 ⁶)
1063 4380 1258 4436 lustin.
1299 4381 1429 4438 hist.
1469 4382 1615 4437 Phil.
1653 4385 1742 4454 38,
1780 4402 1832 4453 4,
1875 4401 1958 4438 12.

980 4470 1021 4544 ⁷)
1060 4470 1301 4529 Sueton.
1341 4472 1476 4529 Ner.
1514 4490 1610 4547 395
1652 4473 1826 4530 Oros.
1866 4491 1917 4548 7,
1956 4491 2006 4546 7,
2049 4491 2132 4532 12.
