3467 5350
1320 620 1762 694 “31⁸³

576 797 771 871 Haec
851 820 1061 869 causa
1138 800 1376 869 variae
1453 812 1815 889 captorum
1898 797 2326 867 condicionis
2417 792 2718 867 crebruit

366 923 587 980 aetate
639 910 1046 978 Caesarum.
1142 908 1237 976 Ut
1288 909 1583 998 quisque
1632 919 1781 976 erat
1831 906 2125 974 crudelis
2190 919 2304 974 aut
2367 907 2564 990 mitis,
2628 908 2717 974 ita

367 1042 526 1087 sors
573 1017 1006 1107 captivorum
1054 1018 1259 1099 bona,
1321 1016 1551 1103 quoad
1604 1017 1739 1082 hoc
1789 1014 2019 1081 dicere
2068 1013 2243 1098 licet,
2295 1029 2411 1081 aut
2445 1015 2715 1082 misera.

365 1125 509 1195 Sed
562 1124 930 1193 crudelitas
978 1125 1445 1213 praevalebat.

583 1231 769 1302 Satis
818 1232 1062 1298 mirum
1118 1230 1409 1309 videtur,
1459 1231 1648 1317 quod
1698 1229 2113 1297 Plutarchus
2144 1228 2542 1296 Marcellum
2593 1241 2717 1296 tra-

369 1339 536 1407 didit
585 1340 880 1429 primum
920 1338 1150 1421 fuisse,
1204 1338 1317 1426 qui
1351 1337 1826 1405 humaniorem
1864 1337 2019 1404 belli
2056 1336 2392 1403 rationem
2430 1336 2625 1403 iniret
2648 1338 2718 1422 ¹).

588 1448 722 1510 Τῶν
754 1445 1162 1530 δὲ(Ρωμαίων
1210 1456 1341 1521 τοῖς
1371 1447 1549 1520 ἐκτὸς
1579 1448 1917 1534 ἀνθρώποις
1962 1446 2161 1508 δεινῶν
2211 1445 2312 1527 μὲν
2361 1446 2500 1508 εἶναι
2546 1446 2722 1507 πόλε-

366 1580 472 1640 μον
507 1556 1019 1643 μεταχειρίσασθαι
1071 1555 1164 1617 καὶ
1211 1554 1481 1642 φοβερῶν
1529 1556 1622 1626 εἰς
1668 1562 1879 1641 χεῖρας
1928 1553 2122 1615 ἐλθεῖν
2170 1555 2574 1635 νομιζομένων
2624 1553 2717 1614 εὐ-

371 1664 758 1747 γνωμοσύνης
821 1661 885 1724 δὲ
950 1663 1044 1724 καὶ
1092 1663 1546 1749 φιλανθρωπίας
1594 1662 1688 1724 καὶ
1738 1663 1908 1733 ὅλως
1954 1661 2265 1746 πολιτικῆς
2313 1664 2539 1748 ἀρετῆς
2586 1661 2722 1723 ὑπο-

369 1771 648 1855 δείγματα
696 1770 776 1855 μὴ
825 1770 1188 1854 δεδωκότων,
1257 1777 1475 1857 πρὼτ
1502 1793 1585 1841 ος
1631 1771 1786 1832 δοκεῖ
1833 1773 1969 1831 τότε
2014 1768 2384 1856 Μάρκελλος
2432 1766 2723 1849 ὑποδεῖξαι

367 1886 497 1951 τοῖς
560 1873 828 1960 <Ἕλλησι
903 1878 1299 1964 δικαιοτέρους
1359 1874 1729 1959 (Ρωμαίους.
1840 1875 2020 1940 Οὕτω
2092 1877 2198 1963 γάρ
2286 1877 2502 1963 ἐχρῆτο
2591 1884 2722 1949 τοῖς

367 1983 771 2068 συμβάλλουσι
820 1984 914 2046 καὶ
961 1990 1220 2046 τοσαῦτα
1266 1985 1359 2047 καὶ
1407 1985 1615 2058 πόλεις
1661 1985 1757 2047 καὶ
1804 1985 2043 2056 ἰδιώτας
2102 1985 2501 2072 εὐεργέτησεν,
2568 1985 2723 2048 ὥστε

371 2093 421 2153 εἴ
461 2113 514 2152 τι
559 2092 688 2178 περὶ
724 2087 947 2153 Ἔνναν
994 2092 1033 2174 ἢ
1082 2093 1388 2178 Μεγαρεῖς
1433 2095 1472 2177 ἢ
1521 2091 1928 2179 Συρακοσίους
1976 2094 2143 2180 ἔργον
2209 2094 2283 2178 ἣν
2349 2094 2722 2180 εἰργασμένον

374 2197 478 2259 οὐκ
547 2196 796 2269 ἐπιεικὲς
845 2197 1069 2281 αὐτοῖς,
1141 2187 1314 2260 τοῦτο
1386 2206 1505 2260 τῶν
1574 2200 1956 2262 πεπονθότων
2028 2202 2183 2284 αἰτίᾳ
2242 2201 2470 2282 μᾶλλον
2517 2202 2555 2285 ἢ
2605 2206 2724 2262 τῶν

371 2308 774 2388 πεποιηκότων
821 2305 1005 2367 δοκεῖν
1054 2308 1363 2388 γεγονέναι.

586 2516 968 2598 Exercitu5,
1036 2517 1149 2604 qui
1197 2516 1311 2584 vel
1375 2516 1440 2583 in
1501 2520 1673 2586 urbe
1724 2520 2177 2587 obsidebatur
2223 2520 2335 2587 vel
2385 2520 2722 2608 angustiis

367 2620 848 2694 includebatur
880 2623 991 2707 ita,
1036 2636 1109 2693 ut
1141 2624 1364 2693 omnis
1400 2624 1743 2694 evadendi
1777 2648 1941 2717 spes
1976 2627 2414 2712 adimeretur,
2447 2628 2724 2718 saepius

370 2754 496 2819 per
568 2731 1155 2800 deditionem
1228 2732 1293 2799 in
1366 2745 1782 2822 potestatem
1854 2734 2137 2802 victoris
2204 2736 2407 2803 venit.
2507 2735 2724 2804 Cuius

370 2838 735 2906 deditionis
797 2839 1337 2927 antiquissimam
1407 2841 1770 2908 formulam
1837 2842 2212 2910 memoriae
2277 2843 2515 2911 Livius
2591 2866 2725 2912 ser-

370 2945 562 3011 vavit
582 2949 662 3028 2);
753 2948 1140 3032 deditosque
1196 2950 1563 3014 Collatinos
1610 2952 1704 3014 ita
1752 2953 2000 3037 acczjfiio
2049 2976 2327 3037 eamque
2375 2954 2730 3017 deditioni?

374 3055 754 3138 formulam
791 3077 943 3118 esse.
1013 3058 1172 3119 Rex
1206 3057 1652 3141 interrogavit
1667 3084 1688 3119 .·
1714 3060 2009 3130 ‚Estzssvne
2037 3082 2150 3123 vos
2177 3061 2389 3145 legati
2410 3066 2728 3124 oratores-

373 3183 500 3244 que
534 3161 789 3224 missia
817 3163 1069 3247 populo
1111 3163 1488 3236 Conlatino,
1538 3170 1621 3228 ut
1650 3187 1763 3228 vos
1785 3168 2252 3251 populumque
2294 3168 2728 3230 Conlatinum

372 3268 767 3331 dedentio?
835 3271 1113 3333 Sumus,
1209 3271 1445 3341 ‚Estne
1480 3274 1781 3356 populus
1829 3274 2231 3338 Conlatinus
2296 3275 2368 3338 in
2431 3298 2558 3338 sua
2609 3283 2727 3359 po-

371 3380 607 3438 testate
627 3377 688 3439 ‚P‘
733 3377 874 3440 Est.
944 3378 1331 3448 ‚Deditis-ne
1378 3401 1492 3442 vos
1541 3380 2011 3464 populumque
2085 3382 2541 3454 Conlatinum,
2614 3404 2728 3445 ur-

374 3483 533 3555 bem,
596 3506 814 3568 agros,
864 3507 1131 3569 aquam,
1183 3486 1522 3558 terminos,
1583 3487 1882 3560 delubra,
1933 3489 2272 3561 utensilia,
2324 3489 2558 3553 divina
2605 3490 2728 3552 liu-

373 3612 709 3674 manaque
778 3592 1003 3655 omnia
1075 3593 1146 3655 in
1219 3616 1432 3656 meanz
1499 3595 1873 3680 populique
1947 3597 2253 3659 Romani
2323 3597 2646 3660 dicionem
2669 3599 2731 3661 ‚P‘

370 3697 725 3761 Dedimus,
804 3700 937 3770 ,At
981 3722 1098 3784 ego
1147 3701 1430 3785 recipiof

587 3801 941 3888 Polybius,
998 3827 1179 3891 quae
1226 3807 1312 3873 sit
1358 3807 1466 3873 vis
1516 3808 1581 3874 in
1631 3809 1998 3894 deditione,
2048 3810 2305 3900 optime
2341 3812 2431 3878 ita
2457 3811 2729 3879 definit:

378 3908 451 3971 Οἱ
498 3912 605 3997 γαρ
654 3912 916 3986 διδόντες
964 3913 1185 3988 αὐτοὺς
1233 3918 1324 3989 εἰς
1372 3913 1829 4002 τὴνῬωμαίων
1878 3920 2192 4008 ἐπιτροπὴν
2239 3922 2450 3985 διδόασι
2498 3929 2729 4010 πρῶτον

380 4013 484 4096 μὲν
528 4018 728 4103 χώραν
775 4019 884 4104 τὴν
934 4020 1304 4109 ὑπάρχουσαν
1351 4023 1558 4097 αὐτοῖς
1605 4026 1698 4089 καὶ
1768 4028 1975 4099 πόλεις
2040 4029 2157 4101 τοὶς
2222 4028 2282 4090 έν
2348 4029 2559 4113 ταύτῃ,
2627 4027 2729 4092 σὺν

374 4119 436 4183 δὲ
482 4123 719 4196 τούτοις
768 4127 989 4213 ἄνδρας
1054 4130 1147 4191 καὶ
1195 4139 1496 4213 γυναῖκας,
1566 4130 1713 4221 τοὺς
1777 4133 2153 4222 ὑπάρχοντας
2201 4135 2260 4197 ἐν
2300 4136 2377 4219 τῇ
2425 4138 2593 4223 χώρᾳ
2638 4137 2732 4199 καὶ

374 4235 510 4302 ταῖς
541 4230 775 4293 πόλεσιν
803 4235 1093 4307 ἅπαντας·
1145 4238 1370 4319 ὁμοίως
1417 4237 1747 4321 ποταμοὺς,
1797 4241 2067 4324 λιμένας,
2119 4243 2261 4329 ἱερά,
2312 4248 2545 4329 τάφους
2593 4244 2731 4306 συλ-

594 4371 632 4440 ¹)
672 4373 820 4427 Plut.
861 4372 1037 4429 Marc.
1079 4393 1164 4445 20,
1209 4378 1309 4444 15¹2.

588 4460 630 4531 ²)
669 4462 796 4517 Liv.
840 4481 886 4533 1,
925 4465 1013 4533 38,
1056 4482 1101 4519 1.
