3467 5350
1689 552 2135 618 ..70-

739 726 1059 795 balneum
1115 737 1240 794 est.
1361 724 1507 795 Sex
1555 737 1744 795 totos
1807 725 1967 794 inde
2016 726 2164 794 dies
2229 746 2384 793 cum
2444 723 2623 792 fame
2687 724 3087 792 colluctatus

740 855 966 921 usque
998 833 1086 901 ad
1121 845 1500 901 extremam
1534 834 1781 902 horam
1832 832 2206 923 cupiditate
2228 831 2413 900 vitae
2460 853 2848 920 suspensus
2895 842 3002 898 est
3024 835 3086 915 ¹).

741 938 1016 1008 Vincire
1050 939 1117 1007 in
1151 961 1501 1008 carcerem
1537 938 1893 1009 coniectos
1927 938 2397 1008 necessarium
2448 960 2588 1006 non
2638 930 2785 1006 erat
2801 943 2873 1025 2),
2926 937 3091 1005 Cae·

741 1046 1012 1115 saribus
1073 1046 1351 1114 demum
1417 1068 1564 1115 rem
1628 1046 2266 1115 administrantibus
2328 1068 2465 1114 non
2531 1045 2855 1114 solebant
2899 1043 3091 1113 liberi

741 1176 898 1222 esse
947 1176 988 1222 a
1034 1152 1343 1227 vinculis.

955 1261 1062 1329 Ne
1095 1261 1285 1349 quod
1335 1261 1626 1353 captivis
1676 1261 2095 1350 colloquium
2146 1260 2321 1329 inter
2368 1282 2446 1329 se
2494 1282 2675 1328 neve
2723 1258 3092 1328 communi-

743 1367 919 1437 catio
981 1368 1242 1437 consilii
1302 1381 1507 1453 esset,
1580 1368 1832 1458 singuli
1898 1380 2219 1459 poterant
2292 1366 2666 1457 separatim
2738 1366 3093 1439 custodiri.

742 1475 953 1561 Quod
1002 1475 1206 1544 etiam
1255 1476 1508 1545 factum
1539 1476 1771 1561 video,
1816 1499 1973 1545 cum
2022 1475 2317 1543 navibus
2365 1476 3095 1564 transportarenturss).

953 1582 1027 1651 In
1074 1583 1563 1652 lautumias
1627 1584 1981 1653 coniectos
2040 1606 2198 1652 esse
2262 1582 2445 1651 bello
2510 1594 2754 1672 captos
2802 1592 3096 1650 testatur

741 1689 980 1759 Livius
998 1694 1065 1776 4).
1160 1690 1381 1759 Etiam
1418 1691 1482 1759 in
1534 1690 1799 1775 castriS,
1851 1714 2033 1779 quae
2084 1702 2423 1760 vocantur
2468 1689 2861 1780 peregrina,
2911 1688 3094 1757 bello

743 1797 922 1887 capti
969 1799 1513 1866 asservabantur
1528 1800 1597 1888 ⁶).

957 1903 1270 1974 Graecos
1302 1905 1922 1995 Philopoemenem
1973 1917 2247 1996 captum
2297 1928 2356 1973 a.
2394 1906 2519 1994 183
2550 1927 2608 1972 a.
2639 1905 2806 1974 Chr.
2840 1904 2906 1972 in
2956 1903 3096 1971 the·

745 2034 1024 2081 saurum
1052 2012 1398 2102 publicum
1426 2014 1558 2080 sub
1586 2025 1772 2081 terra
1798 2035 1971 2081 saxo
2004 2012 2347 2102 quadrato
2379 2024 2696 2101 saeptum
2733 2011 3097 2080 demisisse

749 2121 1071 2202 vinctum,
1139 2119 1329 2207 quod
1383 2142 1468 2188 ne
1515 2121 1631 2188 uni
1680 2119 1960 2208 quidem
2012 2119 2399 2189 custodiam
2454 2119 2603 2188 eius
2650 2120 2816 2188 satis
2865 2118 3101 2187 crede·

745 2229 929 2309 bant,
961 2226 1338 2295 memoriae
1366 2238 1738 2295 servarunt
1768 2226 2005 2294 Livius
2026 2228 2098 2314 θ),
2133 2225 2471 2315 Polybius
2494 2230 2559 2310 ⁷),
2595 2225 3005 2294 Plutarchus
3024 2229 3096 2310 ⁸).

961 2333 1439 2403 Custodiam
1489 2356 1562 2402 re
1596 2357 1767 2403 vera
1801 2333 2015 2402 multo
2064 2334 2289 2401 minus
2337 2355 2560 2421 grave
2607 2332 2818 2402 fuisse
2866 2355 3097 2421 genus

749 2441 1060 2533 captivos
1105 2441 1501 2510 continendi
1547 2441 1659 2510 vel
1695 2463 1783 2509 ex
1816 2464 1900 2510 eo
1937 2452 2242 2531 apparet,
2318 2440 2509 2530 quod
2558 2440 2760 2508 etiam
2808 2439 3099 2509 obsides

749 2549 809 2617 in
865 2547 1173 2617 custodia
1220 2548 1430 2616 habiti
1477 2559 1658 2616 sunt.

961 2654 1236 2724 Proelio
1299 2656 1674 2725 commisso
1740 2678 1983 2725 omnes
2048 2654 2300 2746 captivi
2356 2656 2700 2725 dabantur
2754 2654 2821 2723 in
2874 2666 3104 2724 custo-

749 2761 929 2829 diam
953 2767 1019 2848 ⁹).
1114 2763 1186 2831 In
1222 2763 1462 2832 itinere
1510 2763 1761 2854 captivi
1809 2766 1894 2832 ab
1946 2763 2225 2832 armatis
2272 2765 2493 2854 saepti
2537 2764 2975 2832 incesserunt
2996 2767 3102 2848 ¹⁰).

749 2869 1207 2961 Captivorum
1277 2871 1591 2940 custodia
1658 2873 2075 2962 plerumque
2144 2871 2431 2940 tribunis
2502 2871 2784 2940 militurn
2849 2870 3105 2939 tradita

749 2985 980 3061 e5t1¹];
1029 2978 1230 3046 etiam
1283 2978 1723 3055 centuriones
1772 2978 2130 3048 custodiae
2177 2992 2499 3070 poterant
2544 2983 2987 3070 praeessem).

964 3085 1369 3155 Custodiam
1439 3087 1655 3177 ipsam
1708 3110 1864 3156 cum
1914 3086 2457 3171 consideramus,
2520 3087 2648 3155 tria
2707 3086 3104 3155 invenimus

753 3215 1045 3281 genera:
1126 3194 1420 3283 primum
1494 3195 1995 3264 custodiam
2073 3195 2522 3286 publicam
2555 3248 2570 3278 ,
2652 3195 2903 3262 deinde
2971 3216 3102 3262 cu-

753 3299 1144 3369 stodiam
1209 3300 1632 3384 liberam,
1707 3314 1851 3370 tum
1911 3303 2434 3372 custodiam
2490 3301 3099 3386 militaremffl).

753 3405 1211 3474 Custodia
1258 3407 1634 3497 publica
1683 3409 1971 3497 gravior
2017 3422 2165 3479 erat
2211 3433 2419 3499 quam
2464 3409 2695 3489 libera,
2747 3409 2939 3498 quod
2984 3409 3103 3478 vel

753 3537 841 3581 ex
909 3513 1182 3581 nomine
1238 3514 1597 3603 colligitur.
1694 3515 2027 3586 Libera
2091 3540 2270 3608 quae
2317 3530 2609 3586 vocatur
2657 3515 3101 3585 custodia

973 3763 1010 3832 ¹)
1048 3763 1196 3820 Plut.
1217 3763 1362 3820 Mar.
1385 3783 1468 3834 12,
1505 3767 1613 3837 415.
1660 3799 1714 3806 —
1763 3766 1805 3837 ²)
1843 3766 1973 3825 Liv.
2002 3785 2089 3839 32,
2127 3769 2214 3837 26,
2256 3769 2339 3824 18.
2384 3800 2441 3810 —
2488 3767 2531 3838 ⁸)
2568 3767 2697 3822 Liv.
2726 3784 2813 3838 23,
2840 3785 2928 3838 34,
2957 3785 3008 3839 9.
3033 3796 3093 3808 -

757 3854 797 3922 ⁴]
837 3874 921 3926 Ξῖ,
961 3871 1012 3924 3,
1050 3855 1112 3923 8,
1150 3871 1237 3924 32,
1274 3855 1362 3924 26,
1403 3873 1485 3927 17·
1550 3889 1606 3895 -
1670 3855 1712 3924 ⁶)
1752 3857 2044 3913 Ammian·
2086 3858 2169 3927 16,
2211 3875 2293 3927 12,
2328 3858 2417 3929 65·
2481 3889 2537 3898 —
2600 3855 2643 3926 ⁶)
2682 3873 2769 3927 39,
2806 3873 2893 3927 50,
2930 3874 2981 3927 3·
3036 3889 3092 3896 -·

761 3942 801 4010 'J
845 3942 949 4014 frg.
986 3960 1073 4013 24,
1110 3944 1161 4000 8.
1227 3977 1282 3984 -
1347 3943 1390 4014 ⁸)
1428 3944 1654 4017 Philop.
1697 3963 1781 4016 19,
1818 3965 1870 4016 4.
1963 3947 2214 4002 Iustinus
2262 3948 2337 4002 de
2388 3947 2497 4001 hac
2548 3964 2612 4001 re
2663 3946 2802 4001 nihil
2841 3948 3098 4016 adnotat,

757 4034 861 4086 sed
905 4033 1168 4090 exhibet:
1207 4034 1265 4089 in
1306 4053 1606 4091 carcerem
1644 4037 1837 4092 duct0.
1914 4036 2052 4109 epit.
2090 4054 2178 4107 32,
2219 4054 2266 4106 1,
2303 4054 2354 4106 9.
2401 4069 2456 4077 -
2512 4035 2555 4106 ⁹)
2594 4035 2691 4090 vel
2728 4035 3001 4108 proximo
3039 4036 3097 4091 in

757 4122 917 4178 vico:
957 4123 1080 4178 Liv.
1106 4141 1188 4194 10,
1217 4142 1268 4193 2,
1310 4142 1402 4194 12;
1439 4126 1526 4195 28,
1565 4142 1617 4195 3,
1659 4142 1754 4198 153
1792 4143 1879 4196 40,
1917 4129 2005 4195 28,
2044 4143 2101 4198 7;
2143 4125 2321 4182 etiam
2347 4126 2621 4195 PerseuS,
2662 4126 2817 4197 quod
2845 4127 3096 4181 eandem

757 4222 991 4268 secutus
1017 4221 1106 4269 est
1132 4215 1633 4285 consuetudinem,
1670 4233 1788 4271 non
1816 4225 1905 4271 est
1931 4216 2172 4272 mirum:
2209 4215 2337 4271 Liv.
2356 4233 2444 4286 43,
2486 4233 2569 4285 19,
2612 4232 2693 4270 12.
2720 4247 2775 4254 —
2808 4214 2873 4281 ιο)
2911 4215 3096 4270 Tacit.

761 4306 885 4358 hist.
925 4322 973 4372 4,
1011 4321 1060 4359 2.
1125 4336 1181 4344 -—
1248 4303 1315 4374 ιι)
1352 4303 1480 4360 Liv.
1518 4306 1605 4376 38,
1644 4323 1730 4376 23,
1768 4324 1803 4377 3
1816 4323 1832 4375 ;
1871 4306 2076 4378 Polyb.
2116 4305 2225 4377 frg.
2265 4323 2349 4376 10,
2390 4323 2473 4377 19,
2510 4306 2562 4361 8.
2621 4337 2678 4346 —
2741 4303 2807 4374 ¹¹)
2845 4304 2973 4360 Liv.
3008 4306 3095 4377 38,

757 4414 845 4466 24,
881 4410 933 4450 2.
1001 4424 1057 4432 -
1132 4391 1196 4468 ¹⁸)
1233 4393 1360 4450 Liv.
1399 4412 1486 4470 3ο,
1532 4412 1620 4470 43,
1657 4412 1718 4467 5,
1756 4414 1843 4467 24,
1881 4412 1968 4469 45,
2004 4397 2069 4468 85
2108 4395 2255 4452 Vell.
2293 4395 2523 4454 Patere.
2565 4412 2613 4466 1,
2654 4412 2738 4467 11,
2779 4411 2826 4450 1.
