3467 5350
1382 593 1829 671 ...99....

430 786 901 862 moverentur,
969 778 1291 869 quamvis
1353 778 1647 869 singulis
1711 801 1884 848 suos
1944 779 2384 849 necessarios
2432 774 2621 849 dono
2669 774 2784 850 de·

428 886 666 970 disset,
746 896 1081 955 catastam
1158 888 1290 956 sub
1369 908 1572 956 muro
1649 898 1800 955 tuto
1877 887 2034 955 loco
2113 884 2465 956 constituit
2537 885 2783 978 primo·

430 1015 688 1082 resque
749 992 1067 1082 singulos
1128 993 1518 1084 productos
1579 992 1911 1067 vendidit.
2005 993 2546 1083 Nonnumquam
2602 1017 2782 1084 emp-

430 1101 687 1169 tionem
752 1099 1187 1190 captivorum
1269 1100 1707 1190 quorundam
1770 1099 2068 1169 Romani
2142 1101 2697 1190 aspernabantur
2714 1104 2782 1186 ¹).

430 1206 696 1276 Caesar
757 1207 935 1276 bello
1000 1206 1178 1276 civili
1241 1218 1316 1276 ut
1363 1220 1514 1277 erat
1560 1219 1928 1299 promptus
1976 1209 2064 1276 ad
2114 1207 2620 1297 ignoscendum
2670 1209 2782 1277 ad·

428 1312 756 1382 versariis
814 1313 1006 1382 facile
1063 1313 1321 1403 aliquid
1373 1314 1648 1383 remisit.
1744 1314 1985 1405 Itaque
2033 1314 2490 1404 Megarenses
2538 1326 2782 1406 captos

429 1420 723 1511 primum
756 1419 1165 1490 necessariis
1199 1443 1465 1504 eorum,
1516 1421 1767 1490 deinde
1801 1420 2081 1491 minimo
2128 1421 2351 1513 pretio
2384 1421 2779 1507 vendidit2).

428 1528 800 1617 Augustus
848 1526 1163 1618 captivos
1211 1551 1448 1597 earum
1499 1528 1832 1617 gentium,
1885 1551 2065 1617 quae
2113 1529 2424 1598 crebrius
2471 1541 2589 1597 aut
2633 1552 2781 1620 per·

429 1632 744 1703 fidiosius
807 1635 1337 1719 rebellaverant,
1409 1658 1493 1706 ea
1538 1636 1697 1725 lege
1745 1637 2235 1719 venumdabat,
2300 1658 2387 1705 ne
2445 1636 2511 1704 in
2560 1634 2784 1705 vicina

431 1741 719 1829 regione
743 1741 1089 1811 servirent
1111 1761 1292 1812 neve
1312 1742 1489 1811 intra
1513 1742 1934 1812 tricesimum
1959 1765 2213 1812 annum
2235 1741 2692 1812 liberarentur
2711 1746 2780 1832 8).

643 1864 1000 1951 Quantum
1060 1866 1206 1936 fere
1266 1890 1387 1937 aes
1443 1890 1531 1937 ex
1595 1867 1887 1957 singulis
1932 1867 2222 1959 captivis
2267 1867 2354 1937 sit
2402 1868 2779 1951 redactum,

431 1984 617 2042 certe
674 1972 978 2043 iudicare
1045 1996 1187 2042 non
1245 1996 1558 2064 possum.
1653 1974 1905 2063 Neque
1964 1975 2251 2043 multum
2315 1974 2523 2044 refert
2563 1986 2782 2043 totam

429 2101 768 2148 summam
819 2080 1080 2149 redacti
1127 2081 1308 2150 aeris
1374 2082 1924 2155 commemorari.
2026 2080 2286 2164 Livius,
2352 2082 2469 2171 qui
2491 2084 2539 2169 ⁴)
2602 2081 2782 2152 aeris

429 2186 667 2275 gravis
715 2185 877 2255 dicit
922 2199 1237 2257 travecta
1271 2187 1532 2258 viciens
1581 2201 1858 2257 centum
1907 2187 2086 2257 milia
2134 2201 2203 2257 et
2250 2187 2630 2277 quingenta
2677 2189 2782 2257 tri·

430 2290 621 2381 ginta
654 2292 783 2360 tria
815 2292 1013 2376 milia,
1049 2292 1197 2385 ipse
1229 2294 1449 2364 addit:
1499 2298 1578 2361 id
1601 2320 1716 2363 aes
1747 2298 2095 2363 redactum
2129 2319 2217 2362 ex
2249 2297 2527 2383 captivis·
2557 2297 2782 2362 dice-

431 2402 695 2467 batur.
787 2398 1006 2469 Etiam
1071 2402 1654 2470 venumdatorum
1723 2424 2057 2471 numerus
2105 2401 2538 2491 captivorum
2588 2423 2780 2470 accu-

429 2517 575 2575 rate
635 2528 777 2574 non
841 2507 1161 2576 statuitur
1177 2512 1226 2593 ⁶)
1273 2508 1383 2592 ita,
1452 2521 1529 2577 ut
1586 2508 1883 2599 pretium
1932 2506 2479 2597 uniuscuiusque
2527 2508 2781 2599 captivi

426 2613 693 2683 ratione
731 2612 1044 2684 invenire
1076 2615 1193 2684 vix
1240 2615 1614 2705 possimus.
1711 2616 1870 2685 Non
1919 2615 2166 2685 mirum
2216 2626 2343 2699 est,
2394 2615 2583 2703 quod
2631 2637 2779 2705 pre·

426 2720 592 2789 tium
654 2722 1005 2811 pendebat
1067 2745 1156 2791 ex
1220 2746 1511 2792 numero
1576 2736 1645 2792 et
1693 2724 2125 2814 captivorum
2175 2734 2245 2792 et
2290 2735 2683 2813 emptorum
2702 2726 2778 2809 ο).

428 2826 798 2899 Praeterea
871 2852 1102 2899 rerum
1179 2830 1555 2920 scriptores
1625 2830 1953 2899 videntur
2026 2829 2361 2921 pecuniae
2435 2852 2775 2899 summam

425 2934 836 3023 plerumque
884 2936 1242 3019 adnotare,
1291 2935 1350 3004 si
1398 2959 1671 3005 summa
1701 2937 1933 3005 oblata
1979 2936 2252 3005 solitum
2304 2948 2591 3025 superat
2636 2959 2778 3004 rno-

425 3041 612 3110 dum.
703 3042 944 3131 Itaque
1005 3043 1223 3133 pretia
1290 3042 1419 3112 nisi
1480 3042 1758 3112 minima
1820 3056 1937 3112 aut
1996 3043 2295 3112 maxima
2343 3065 2481 3111 non
2530 3042 2778 3112 tradita

423 3170 584 3217 esse
643 3149 982 3239 suspicor.
1077 3148 1282 3235 Quae
1338 3171 1495 3219 cum
1544 3149 1636 3218 ita
1683 3149 1822 3219 sint
1864 3190 1953 3200 —
2000 3162 2075 3219 ut
2122 3172 2332 3217 unum
2382 3150 2775 3240 exemplum

423 3254 772 3344 proferam
812 3296 881 3306 —
920 3256 980 3325 si
1026 3256 1358 3347 scriptum
1407 3256 1728 3325 videmus
1777 3255 2157 3344 Radagaisi
2205 3255 2485 3326 Gothos
2534 3269 2777 3347 captos

426 3361 760 3430 vilissimo
818 3362 1042 3453 pretio
1106 3363 1454 3454 pecudum
1516 3365 1730 3432 modo
1794 3363 2083 3453 singulis
2139 3363 2367 3432 aureis
2417 3363 2614 3451 quasi
2661 3366 2778 3433 ho·

422 3468 677 3537 minum
714 3491 975 3558 greges
1009 3492 1166 3538 esse
1199 3471 1686 3555 venumdat05‚
1722 3471 2049 3560 colligere
2081 3493 2220 3539 non
2262 3470 2417 3538 licet
2448 3470 2575 3539 illis
2615 3482 2778 3541 tem·

421 3576 711 3665 poribus
758 3577 893 3645 hoc
940 3576 1152 3646 fuisse
1196 3579 1489 3668 pretium
1541 3579 2063 3669 captivorum7).

636 3701 781 3771 Sed
833 3702 1019 3770 haud
1066 3703 1279 3792 longe
1325 3704 1585 3773 distare
1629 3715 2007 3794 potuerunt
2053 3706 2227 3772 haec
2272 3703 2492 3793 pretia
2541 3725 2581 3770 a
2626 3725 2774 3792 pre-

423 3806 548 3890 tiis,
598 3830 779 3897 quae
812 3810 995 3878 solvi
1029 3810 1349 3879 solebant
1381 3809 1668 3901 captivis
1718 3811 2114 3901 redemptis,
2210 3809 2320 3879 De
2368 3810 2497 3878 hac
2545 3824 2773 3879 autem

422 3936 498 3981 re
545 3913 788 3984 melius
834 3913 1145 3984 instructi
1191 3938 1433 3986 sumus
1453 3920 1523 4001 ⁸).

640 4163 680 4236 ¹)
721 4165 866 4220 Zon.
903 4167 956 4235 8,
999 4182 1068 4237 19
1081 4182 1097 4237 ς
1154 4164 1340 4221 Tacit.
1380 4164 1512 4222 hist.
1550 4184 1604 4238 3,
1648 4185 1737 4238 34.
1797 4198 1853 4208 -
1910 4166 1954 4236 ²)
1994 4166 2159 4222 Cass
2199 4165 2327 4222 Dio.
2365 4184 2454 4237 42,
2495 4185 2579 4237 14,
2616 4187 2667 4238 4.
2713 4200 2770 4211 -—

422 4252 465 4324 ⁸)
504 4253 745 4309 Sueton.
784 4253 938 4326 Aug.
976 4271 1064 4310 21.
1110 4286 1167 4296 -
1211 4254 1256 4325 ⁴)
1300 4272 1384 4326 10,
1421 4255 1511 4326 46,
1548 4272 1600 4327 5.
1645 4288 1701 4296 —
1749 4254 1792 4325 ὃ)
1829 4255 1958 4312 Liv.
1989 4274 2072 4326 10,
2110 4273 2198 4327 45,
2240 4274 2331 4327 14:
2371 4265 2546 4329 capta
2582 4256 2776 4312 minus

419 4342 532 4397 tria
569 4342 730 4398 milia
766 4342 1087 4399 hominurn.
1146 4376 1201 4385 —-
1259 4343 1303 4414 ⁸)
1343 4343 1575 4417 Ioseph.
1615 4346 1670 4402 b.
1709 4344 1751 4400 1.
1788 4345 1842 4415 6,
1878 4347 1932 4415 8,
1969 4363 2021 4401 2.
2075 4379 2129 4386 —
2193 4346 2234 4416 ⁷)
2275 4344 2344 4401 cf.
2385 4345 2559 4402 Oros,
2597 4366 2648 4419 7,
2686 4364 2774 4419 37,

423 4432 505 4486 16.
550 4465 606 4473 -
653 4431 696 4503 ⁸)
738 4431 808 4489 cf.
846 4431 999 4489 infra
1035 4450 1093 4506 p.
1136 4450 1434 4507 117—119.

2494 4542 2557 4614 7.
