3467 5350
1624 509 2068 553 —10-

674 681 973 769 Voigt,
1026 683 1136 766 M„
1191 683 1335 754 Das
1386 685 1489 753 ius
1540 688 1870 769 naturale,
1923 709 2221 777 aequum
2272 699 2340 755 et
2370 688 2629 756 bonum
2668 689 2807 756 und

1102 793 1206 860 ius
1258 793 1562 881 gentium
1615 795 1743 862 der
1789 794 2069 864 Romer.
2168 796 2243 863 II.
2297 820 2359 886 p.
2395 797 2636 864 8-28.
2856 797 3025 886 1858

676 880 1103 1004 Wagner,
1175 918 1282 1001 A„
1360 918 1464 986 De
1533 917 1886 988 fecialibus
1948 932 2013 987 et
2077 921 2224 989 iure
2292 921 2507 989 feciali
2578 922 2809 1012 populi

1101 1025 1417 1098 Romani.
2858 1051 3025 1119 1734

679 1149 972 1230 Ward,
1045 1151 1148 1233 R„
1247 1151 1406 1242 Αηὲ
1433 1153 1728 1242 enquiry
1798 1152 1939 1220 into
2015 1155 2131 1221 the
2201 1154 2603 1222 foundation
2678 1155 2813 1222 and

1105 1258 1368 1347 history
1442 1259 1521 1326 of
1578 1261 1695 1328 the
1755 1260 1889 1328 law
1948 1260 2026 1328 of
2077 1261 2346 1329 nations
2395 1262 2460 1329 in
2511 1261 2809 1351 Europe,

1104 1366 1324 1433 frome
1372 1367 1487 1434 the
1536 1367 1695 1435 time
1747 1369 1824 1436 of
1864 1369 1978 1435 the
2012 1366 2289 1436 Greeks
2337 1370 2469 1437 and
2503 1370 2814 1438 Romans

1106 1486 1176 1540 to
1227 1475 1342 1541 the
1391 1496 1524 1561 age
1573 1474 1650 1542 of
1689 1472 1998 1546 Grotius,
2093 1476 2138 1558 I,
2199 1498 2563 1565 171—200.
2861 1499 3028 1570 1795

678 1597 1114 1678 Willems,
1164 1598 1260 1678 P„
1339 1599 1438 1667 Le
1507 1607 1706 1668 senat
1754 1601 1841 1668 de
1889 1601 1952 1667 la
2000 1600 2405 1690 republique
2454 1601 2812 1670 Romaine.

1107 1705 1183 1787 11,
1236 1730 1298 1796 p.
1349 1708 1478 1795 465
1526 1729 1630 1796 sq.
2862 1710 3030 1797 1883

681 1832 1119 1913 Wollner,
1168 1830 1279 1913 D.,
1330 1831 1462 1900 Die
1510 1831 1631 1900 auf
1671 1820 1797 1900 das
1833 1832 2326 1922 Kriegswesen
2366 1835 2816 1922 bezfiglichen

1107 1938 1365 2009 Stellen
1422 1939 1528 2008 bei
1579 1939 1864 2008 Plautus
1913 1941 2055 2008 und
2103 1940 2491 2009 Terentius.
2581 1941 2627 2013 I.
2863 1942 3033 2029 1892

898 2191 1100 2276 Quae
1148 2213 1302 2259 curn
1353 2191 1443 2259 ita
1491 2204 1745 2274 essent,
1819 2204 2109 2261 conatus
2157 2216 2330 2274 sum,
2406 2203 2480 2260 ut
2535 2191 2832 2260 certiora
2881 2214 3031 2281 pro·

683 2299 956 2382 ferrem,
1007 2322 1211 2388 quam
1264 2300 1553 2390 plurima
1592 2300 1984 2369 testimonia
2015 2313 2330 2369 veterum
2366 2299 2711 2388 colligere.
2795 2300 3033 2388 Itaque

686 2405 963 2477 adhibui
1012 2408 1142 2475 hos
1193 2419 1540 2475 auctores:
1593 2407 2033 2475 Ammianum
2071 2407 2559 2488 Marcellinum,
2610 2406 3031 2496 Appianum,

685 2528 1041 2584 auctorem
1076 2517 1162 2581 de
1192 2515 1357 2582 viris
1392 2514 1787 2598 illustribuS,
1838 2515 2076 2581 lulium
2112 2513 2487 2581 Caesarem
2525 2536 2679 2582 cum
2717 2515 2802 2580 A.
2831 2512 3032 2581 Hirtii

687 2621 1118 2711 aliorumque
1159 2619 1677 2712 supplementis,
1709 2621 2029 2690 Cassium
2065 2621 2380 2704 Dionem,
2412 2620 2845 2702 Ciceronem,
2875 2621 3032 2691 Dio·

686 2732 933 2799 dorum
998 2729 1329 2810 Siculum,
1401 2728 1817 2816 Dionysium
1879 2730 2590 2810 Halicarnassensem,
2658 2729 3032 2798 Eusebium

687 2837 1196 2922 (chronicorum
1225 2837 1484 2924 libros),
1513 2838 1940 2926 Eutropium,
1968 2837 2368 2927 Pompeium
2397 2837 2699 2918 Festum,
2730 2837 3032 2918 Florum,

688 2946 1116 3031 Frontinum,
1166 2946 1609 3026 Frontonem,
1677 2946 1995 3026 Gellium,
2047 2946 2435 3029 Iordanem,
2493 2946 2803 3014 Flavium
2857 2946 3033 3014 lose-

688 3053 1279 3143 phum,Iustinum,
1313 3053 1728 3134 Iuvenalem,
1772 3053 2063 3134 Livium,
2114 3054 2435 3122 loannem
2477 3055 2814 3135 Malalam,
2866 3054 3035 3122 Cor·

688 3162 939 3229 nelium
977 3162 1341 3251 Nepotem,
1393 3162 1627 3229 Iulium
1674 3161 2226 3251 Obsequentem,
2276 3162 2631 3243 Orosium,
2682 3160 3032 3242 Ovidium,

690 3269 977 3338 Plinium
1029 3269 1427 3339 Secundum
1481 3272 1834 3352 maiorem,
1887 3270 2174 3338 Plinium
2225 3269 2623 3339 Secundum
2678 3268 3033 3348 minorem,

691 3376 1027 3458 Plautum,
1101 3378 1566 3460 Plutarchum,
1631 3378 2016 3465 Polybium,
2083 3377 2541 3466 Propertium,
2612 3374 3034 3454 Sallustium,

691 3487 1070 3577 scriptores
1114 3487 1439 3555 historiae
1465 3489 1856 3576 Augustae,
1899 3485 2180 3575 Corpus
2222 3484 2383 3552 iuris
2421 3482 2651 3563 civilis,
2696 3481 3035 3552 Senecam

692 3595 1202 3685 philosophum,
1265 3593 1612 3675 Servium,
1673 3592 2053 3681 Sulpicium
2106 3591 2448 3659 Severum
2501 3588 2878 3675 (historiam
2940 3609 3037 3654 sa·

693 3708 929 3787 cram),
962 3701 1202 3771 Silium
1230 3701 1555 3783 Italicum,
1590 3700 2037 3778 Strabonem,
2074 3697 2502 3779 Suetonium,
2538 3696 2875 3778 Tacitum,
2910 3694 3039 3763 Te-

694 3812 1006 3893 rentium,
1036 3810 1383 3878 Valerium
1417 3808 1814 3889 Maximum,
1842 3807 2253 3888 Varronem,
2286 3805 2677 3893 Vegetium,
2704 3802 3041 3872 Velleium

693 3920 1150 4000 Paterculum‚
1190 3916 1588 4007 Vergilium,
1615 3917 1985 3998 Zonaram,
2020 3914 2397 3983 Zosimum.
2495 3912 2825 3981 Nondum
2862 3910 3041 3979 adhi-

697 4032 805 4096 bui
845 4048 1169 4116 magnam
1205 4027 1469 4116 copiam
1505 4025 1688 4115 apud
1739 4024 2116 4114 scriptores
2150 4021 2655 4091 ecclesiasticos
2695 4019 3040 4088 conditam

697 4164 925 4228 neque
949 4137 1336 4204 testimonia
1367 4136 1566 4224 coegi
1597 4158 1759 4203 aere
1789 4133 2272 4224 lapidibusque
2306 4131 2573 4212 tradita,
2624 4149 2922 4217 quorum
2953 4124 3042 4192 in-

697 4248 1105 4336 scriptiones
1141 4260 1209 4312 111
1245 4244 1578 4333 imagines
1614 4267 1784 4312 sane
1831 4241 2222 4331 gravissimi
2271 4252 2431 4308 sunt
2465 4237 2811 4311 momenti.
2898 4236 3042 4306 Sed

701 4356 865 4424 haec
901 4356 1049 4444 ipsa
1085 4352 1351 4436 auxilia,
1403 4376 1580 4443 quae
1615 4375 1796 4420 nunc
1831 4350 2110 4441 quidem
2145 4349 2398 4418 invitus
2433 4347 2673 4436 reliqui
2708 4344 3043 4434 angustiis
