3467 5350
1716 643 2160 713 -50„.

775 843 997 890 orum.
1092 819 1238 890 Sed
1287 818 1352 888 in
1403 820 1532 888 hac
1565 818 1888 907 imagine,
1938 840 2117 907 quae
2149 817 2373 910 primo
2407 830 2570 888 sunt
2601 818 2881 903 incerta,
2932 830 3105 888 certa

763 931 955 1012 fiunt,
1004 928 1121 997 ubi
1169 927 1442 1017 magnis
1490 926 1614 995 illis
1663 927 1858 996 bellis
1894 949 2048 1002 cum
2099 926 2405 995 externis
2453 926 2847 996 nationibus
2896 928 3102 1017 gestis

763 1036 1496 1128 appropinquavimus.

975 1143 1250 1212 Italicos
1282 1142 1466 1210 haud
1515 1164 1720 1213 secus
1769 1165 1849 1210 ac
1886 1142 2204 1212 Graecos
2253 1142 2745 1231 antiquissimis
2795 1144 3105 1232 tempori·

761 1252 894 1320 bus
926 1251 1325 1320 immolasse
1359 1249 1675 1318 homines
1718 1272 1923 1318 nemo
1967 1272 2231 1339 negare
2280 1250 2579 1318 audebit.
2674 1249 2861 1336 Quin
2908 1251 3105 1319 etiam

762 1359 949 1450 apud
1011 1381 1255 1427 omnes
1317 1357 1619 1449 populos
1680 1358 1813 1426 hae
1876 1369 2013 1426 tarn
2076 1370 2405 1426 cruentae
2476 1358 2980 1427 immolationes
3041 1356 3107 1424 in

760 1466 1097 1557 principio
1145 1488 1374 1534 rerum
1431 1467 1609 1534 adeo
1658 1478 1855 1534 erant
1903 1465 2214 1547 usitatae,
2265 1477 2357 1549 ut,
2408 1465 2466 1533 si
2512 1465 2923 1549 testimonia,
2974 1464 3109 1554 qui-

759 1575 895 1642 bus
954 1574 1316 1643 Romanos
1379 1596 1660 1663 quoque
1724 1595 1886 1642 esse
1950 1586 2233 1642 secutos
2296 1574 2474 1642 hanc
2537 1574 3105 1642 consuetudinem

761 1681 1380 1761 demonstraretur,
1431 1681 1778 1762 deessent,
1828 1681 1964 1748 hoc
1992 1680 2308 1749 conicere
2333 1681 2535 1749 nobis
2561 1680 2797 1749 liceret
2816 1680 2885 1769 ¹).
2976 1680 3113 1748 Per

759 1813 842 1858 ea
876 1812 1159 1878 quoque
1192 1802 1583 1879 temporum
1618 1788 1865 1879 spatia,
1908 1788 1976 1856 in
2010 1788 2261 1877 quibus
2294 1787 2683 1858 accuratius
2717 1787 3111 1878 certiusque

759 1919 1146 1979 versamur,
1213 1896 1578 1979 interdum,
1648 1894 1903 1965 rectius
1967 1896 2187 1964 dicam
2238 1917 2420 1979 rar0,
2492 1918 2767 1964 summo
2831 1894 3108 1985 quidem

759 2003 1151 2073 discrimine
1199 2004 1355 2073 belli
1403 2004 1640 2073 Punici
1685 2003 1976 2072 secundi
2020 2016 2463 2073 recesserunt
2511 2002 2812 2072 Romani
2859 2004 2945 2071 ad
2996 2002 3110 2070 im-

759 2112 1154 2180 manitatem
1190 2112 1643 2180 barbararum
1678 2111 2011 2201 gentium.
2096 2111 2339 2200 Itaque
2372 2134 2431 2180 a.
2460 2112 2594 2179 216
2618 2134 2679 2180 a.
2708 2109 2874 2179 Chr.
2907 2109 3110 2178 sacri-

759 2219 912 2288 ficia
959 2219 1219 2307 aliquot
1266 2220 1817 2289 extraordinaria
1863 2220 2042 2288 facta
2088 2242 2247 2288 esse
2294 2219 2624 2307 legimus:
2712 2221 2894 2285 inter
2940 2241 3115 2306 quae

698 2412 703 2416 ὁ
769 2329 1011 2393 Gallus
1044 2334 1112 2393 et
1149 2329 1370 2402 Galla,
1432 2330 1733 2394 Graecus
1767 2335 1834 2394 et
1874 2330 2134 2395 Graeca
2183 2329 2256 2392 z'n
2280 2330 2445 2414 foro
2496 2328 2713 2392 boario
2756 2327 2880 2391 sub
2928 2332 3116 2392 terra

757 2436 902 2500 vivi
927 2436 1204 2500 demtis-si
1225 2441 1396 2500 sunt
1422 2437 1495 2500 z'n
1527 2437 1744 2500 locum
1773 2459 1941 2501 saxo
1990 2442 2438 2522 consaeptum,
2490 2423 2623 2500 iam
2671 2440 2832 2499 ante
2876 2434 3119 2500 hostiis·

760 2544 1098 2615 humantis,
1127 2543 1403 2606 minime
1415 2544 1724 2607 Romano
1741 2566 1948 2616 sacre,
1977 2544 2364 2626 z‘nbutum2).
2412 2540 2694 2608 Addam
2716 2538 2910 2608 Plinii
2936 2538 3118 2606 testi·

758 2648 1064 2717 monium
1084 2651 1171 2733 3):
1223 2649 1440 2715 boario
1484 2672 1637 2715 vero
1670 2650 1916 2736 infero
1951 2651 2286 2716 Graecum
2326 2652 2788 2735 Graecamque
2831 2649 3120 2736 defossos

759 2763 887 2823 aut
912 2759 1206 2822 aliarum
1230 2758 1565 2843 gentium,
1617 2780 1768 2821 cum
1804 2758 2043 2844 quibus
2075 2763 2220 2823 tum
2255 2781 2361 2823 res
2402 2762 2587 2832 esset,
2639 2758 2835 2822 etiam
2886 2761 3120 2821 nostra

758 2871 947 2930 aetas
1007 2865 1195 2935 vidit.
1304 2861 1445 2931 Iam
1501 2862 1744 2931 decern
1809 2862 2005 2931 annis
2068 2876 2227 2931 ante
2295 2885 2606 2954 pugnarn
2672 2861 3119 2930 Cannensem

759 2970 1005 3038 timore
1067 2968 1362 3059 permoti
1422 2969 1837 3039 incursionis
1887 2970 2248 3040 Gallorum
2311 2970 2418 3039 usi
2464 2970 2705 3039 iisdem
2758 2967 3118 3037 sacrificiis

756 3091 935 3148 sunt.
1033 3076 1314 3147 Oraculi
1379 3077 1576 3146 iussu
1621 3077 1940 3167 Sibyllini
1988 3091 2272 3148 coactos
2320 3100 2479 3146 esse
2522 3100 2645 3145 eos
2694 3076 3113 3145 Plutarchus

757 3186 964 3256 tradit
988 3185 1167 3254 duos
1194 3185 1530 3268 Graecos,
1581 3185 1808 3254 virum
1843 3199 1912 3254 et
1943 3186 2298 3255 mulierem
2326 3185 2629 3275 itemque
2654 3185 2835 3252 duos
2864 3183 3112 3254 Gallos

755 3294 823 3362 in
864 3294 1019 3363 foro
1049 3293 1291 3361 boario
1328 3293 1530 3362 vivos
1580 3293 1916 3362 defodere
1937 3297 2006 3378 ⁴).
2102 3294 2212 3362 De
2260 3294 2502 3362 eadem
2553 3315 2630 3361 re
2678 3302 2898 3382 agunt
2931 3290 3115 3359 Oro·

756 3400 900 3469 sius
917 3406 988 3485 ⁵),
1038 3399 1356 3468 Zonaras
1373 3402 1442 3484 6),
1490 3398 1776 3469 Ttetzes
1801 3404 1867 3486 ⁷).

968 3507 1515 3597 Tarquinienses
1564 3519 1916 3576 trecentos
1964 3520 2233 3597 septem
2281 3507 2526 3575 milites
2558 3507 2922 3576 Romanos
2957 3529 3115 3597 cap-

758 3629 868 3684 tos
930 3608 1326 3685 immolasse
1397 3615 1737 3689 dicuntur.
1833 3615 1978 3686 Sed
2034 3614 2273 3684 Livius
2333 3614 2460 3684 sibi
2526 3626 2919 3704 temperare
2966 3637 3116 3682 non

756 3722 999 3812 potuit,
1082 3723 1243 3811 quin
1323 3723 1391 3791 id
1462 3746 1688 3812 genus
1760 3721 2073 3811 supplicii
2147 3722 2565 3790 nominaret:
2613 3725 3017 3809 fhedz'tatem
3040 3723 3112 3811 ⁸).

756 3829 1141 3919 Spartacus
1203 3829 1312 3899 ille
1377 3830 1690 3899 mactatis
1740 3828 2067 3898 trecentis
2131 3828 2420 3920 captivis
2466 3828 2765 3897 Romani
2814 3826 3115 3897 nominis

759 3937 1149 4026 parentavit
1195 3935 1386 4006 Crixi
1434 3936 1750 4006 manibus
1773 3941 1842 4022 ⁹).

972 4044 1116 4115 Sed
1152 4066 1574 4133 quamquam
1606 4068 1664 4118 a.
1696 4068 1805 4135 97.
1842 4069 1902 4114 a.
1931 4044 2098 4114 Chr.
2127 4057 2413 4113 senatus
2441 4044 2829 4113 consultum
2853 4044 3109 4112 facturn

768 4165 938 4235 erat,
1008 4176 1094 4221 ne
1141 4151 1390 4220 fierent
1435 4152 1790 4221 hominum
1839 4152 2364 4249 immolationeS,
2413 4163 2642 4221 tamen
2711 4152 3120 4220 remanebat

975 4316 1016 4384 ι>
1058 4315 1127 4370 cf.
1165 4313 1344 4370 Leist.
1393 4333 1449 4386 p.
1487 4331 1623 4387 2575
1672 4317 1795 4384 263.
1865 4346 1922 4355 —-
1993 4313 2035 4382 ²)
2074 4313 2202 4369 Liv.
2241 4332 2327 4382 22,
2365 4330 2452 4386 57,
2490 4317 2543 4370 6.
2612 4346 2669 4355 —
2740 4312 2781 4390 ⁸)
2820 4321 2937 4368 nat.
2977 4312 3111 4369 hist.

757 4407 843 4474 28,
886 4422 967 4460 12.
1041 4437 1098 4444 —
1170 4402 1215 4473 4)
1253 4404 1402 4461 Plut.
1443 4403 1622 4459 Marc.
1657 4421 1708 4473 3,
1767 4423 1817 4474 4.
1892 4436 1947 4444 —
2020 4402 2064 4473 5)
2103 4422 2154 4475 4,
2215 4421 2297 4475 13,
2354 4420 2404 4474 3.
2477 4437 2532 4444 —
2606 4401 2652 4473 ο)
2688 4405 2740 4472 8,
2802 4420 2883 4474 19,
2937 4420 2989 4473 9.
3038 4432 3112 4442 ——

761 4495 800 4563 7)
839 4495 897 4549 in
936 4494 1229 4566 Lycophr.
1266 4497 1388 4564 603.
1462 4526 1515 4533 —
1590 4492 1632 4562 ⁸)
1671 4493 1797 4548 Liv.
1838 4510 1887 4565 7,
1931 4510 2012 4565 15,
2056 4511 2139 4548 10.
2210 4523 2267 4532 ——
2340 4493 2382 4562 ⁹)
2421 4492 2675 4565 Appian.
2714 4494 2769 4548 b.
2810 4511 2856 4547 c.
2898 4510 2946 4562 1,
2988 4509 3111 4563 117.
