3467 5350
1373 548 1817 623 &19ss

423 732 723 803 crudeles
793 739 865 802 z'n
939 738 1116 810 belle,
1189 760 1324 800 non
1370 736 1697 799 immanes
1717 737 2043 820 fuerunt,
2109 739 2192 797 ut
2234 727 2515 798 maiores
2561 724 2781 798 nostri

427 847 858 918 Tusculan05‚
910 847 1205 930 Aequos,
1253 845 1528 916 VolscOS,
1592 842 1897 914 Sabz'nOS,
1943 842 2275 905 Hernicos
2322 842 2393 905 z'n
2440 842 2769 905 civitatem

421 955 620 1017 etiam
681 958 1100 1039 acceperunt,
1168 958 1243 1015 at
1285 952 1787 1036 [sarthagznem
1844 957 1911 1014 et
1953 951 2410 1013 Numantiam
2434 951 2772 1035 funditus

418 1062 860 1126 sustulerant.
952 1057 1257 1126 Dubium
1330 1079 1465 1122 non
1535 1068 1659 1137 est,
1736 1054 1895 1144 quin
1970 1078 2112 1122 rem
2185 1067 2460 1144 praeter
2521 1077 2766 1122 verum

421 1189 825 1253 augeamus,
901 1188 1054 1232 cum
1123 1164 1227 1232 his
1281 1162 1635 1232 Ciceronis
1685 1160 1921 1230 verbis
1983 1162 2190 1229 fidem
2244 1161 2515 1229 nimiam
2566 1162 2768 1228 habe-

420 1297 637 1341 amus.
717 1273 963 1361 Neque
1015 1273 1208 1339 aliter
1255 1294 1368 1338 res
1416 1293 1493 1338 se
1542 1270 1771 1351 habet,
1825 1292 1979 1337 cum
2016 1269 2389 1357 legerimus
2424 1272 2557 1337 hoc
2593 1270 2766 1337 Livii

418 1380 918 1449 testimonium:
1007 1383 1303 1445 maximo
1347 1389 1611 1466 semper
1653 1380 1879 1443 animo
1935 1381 2122 1444 victis
2169 1380 2433 1465 regibus
2469 1382 2765 1465 populis—

419 1514 546 1577 que
589 1490 1024 1575 zgnovzktzfflj.
1141 1486 1282 1555 Sed
1336 1485 1742 1574 saepissime
1790 1484 1951 1552 illud
1977 1478 1985 1487 ’
1991 1488 2436 1572 praecipuum
2487 1489 2766 1552 elemen-

416 1599 548 1662 tiae
596 1599 1066 1662 documentum
1116 1594 1594 1662 desideramus
1624 1593 1690 1681 2).
1814 1592 2171 1662 Diodorus
2219 1594 2397 1660 hanc
2445 1593 2576 1661 sert
2617 1616 2762 1661 sen-

415 1703 730 1770 tentiam:
798 1700 934 1769 Ὅτι
982 1708 1099 1776 τᾶς*
1134 1707 1446 1790 ἡγεμονίας
1493 1705 1602 1790 οὐχ
1647 1702 1805 1766 οὕτω
1853 1709 1940 1790 τῷ
2005 1704 2097 1766 διὰ
2143 1710 2262 1765 τῶν
2333 1703 2532 1766 ὅπλων
2594 1703 2762 1790 φόβῳ

414 1812 733 1897 λαμβάνειν
782 1811 1046 1896 αὔξησιν,
1096 1811 1179 1882 ὡς
1227 1812 1304 1895 τῇ
1351 1812 1494 1899 πρὸς
1541 1809 1679 1881 τοὺς
1724 1811 2131 1899 κρατηθέντας
2180 1815 2512 1898 μετριότητι
2540 1811 2609 1892 8).

628 1918 963 2005 Polybius
992 1920 1069 1998 4);
1149 1918 1572 2001 Πολεμοῦντας
1620 1920 1726 2006 γάρ
1776 1920 1860 1981 δεῖ
1905 1917 2043 1989 τοὺς
2091 1916 2350 2002 ἀγαθοὺς
2397 1919 2608 2006 ἄνδρας
2658 1917 2761 2001 βα-

416 2035 543 2115 ρεῖς
590 2027 854 2090 εἶναικαὶ
898 2024 1196 2109 θυμικοὺς,
1261 2028 1642 2110 ἡττωμένους
1700 2024 1764 2088 δὲ
1812 2029 2105 2110 γενναίους
2151 2027 2244 2087 καὶ
2294 2027 2759 2113 μεγαλόφρονας,

413 2140 702 2206 νικῶντάς
749 2157 813 2217 γε
849 2134 963 2217 μὴν
1014 2136 1281 2220 μετρίους
1330 2133 1422 2194 καὶ
1469 2141 1669 2220 πραεῖς
1715 2133 1807 2194 καὶ
1857 2134 2326 2220 φιλανθρώπους.
2436 2129 2758 2197 Tacitus:

415 2264 649 2305 verum
698 2242 791 2304 ita
839 2240 1198 2304 maioribus
1232 2239 1583 2325 placitum,
1655 2245 1910 2324 quanta
1946 2240 2324 2323 pervicacia
2371 2240 2442 2303 in
2486 2240 2757 2312 bostem,

416 2354 607 2412 tanta
657 2348 1089 2433 beneficentia
1131 2349 1456 2410 adversus
1498 2347 1830 2432 supplices
1874 2347 2206 2409 utendum
2225 2347 2301 2430 ff).

624 2453 768 2522 Sed
839 2455 968 2519 hae
1035 2452 1418 2520 sententiae
1483 2463 1555 2518 ut
1618 2462 1780 2519 sunt
1846 2454 2196 2533 honestae,
2269 2452 2360 2519 ita
2409 2452 2668 2520 alienae
2718 2477 2757 2520 a

412 2563 622 2628 rebus
672 2561 859 2649 ipsis,
955 2559 1258 2641 Primum
1311 2559 1519 2626 nolite
1569 2558 1882 2627 oblivisci
1929 2559 2208 2648 proeliis
2243 2562 2329 2627 ab
2365 2561 2755 2629 hominibus
2820 2578 2824 2583 ·

410 2667 707 2757 antiquis
758 2667 1144 2737 commissis
1211 2667 1460 2735 cadere
1511 2668 1766 2735 multos
1819 2690 1954 2735 non
2005 2666 2336 2756 potuisse,
2409 2669 2758 2757 quoniam,

409 2799 565 2843 cum
602 2800 683 2844 ea
716 2778 870 2858 tela,
922 2799 1102 2864 quae
1137 2778 1447 2843 delerent
1480 2774 1748 2843 eminus
1782 2776 2019 2864 copias
2056 2775 2377 2859 hostium,
2412 2777 2757 2860 deessent,

409 2905 655 2951 manus
692 2884 1221 2951 conserentibus
1254 2882 1758 2971 unusquisque,
1810 2896 1885 2949 ut
1918 2883 2007 2950 ita
2045 2883 2288 2965 dicam,
2340 2885 2425 2951 ad
2464 2896 2757 2952 mortem

409 2990 862 3057 deducendus
930 3002 1096 3057 erat.
1192 2989 1335 3059 Sed
1403 2990 1686 3072 accedit,
1759 2992 1944 3079 quod
2012 2991 2230 3059 hostis
2281 3003 2522 3081 captus
2572 2993 2755 3082 apud

408 3097 729 3184 antiquos
777 3098 844 3163 in
915 3098 1137 3186 pretio
1187 3108 1363 3164 erat:
1442 3119 1598 3164 nam
1650 3097 2058 3164 venumdari
2129 3110 2421 3187 poterat.
2516 3100 2754 3187 Atque

407 3206 585 3273 hanc
658 3226 940 3273 causam
1012 3204 1288 3293 saepius
1361 3203 1608 3271 rationi
1680 3204 2118 3272 humanitatis
2182 3205 2501 3273 videntur
2565 3229 2755 3295 prae-

406 3311 644 3380 tulisse
692 3312 1007 3379 Romani.

606 3419 916 3508 Semper
980 3442 1133 3486 mos
1196 3418 1410 3487 fuisse
1470 3419 1748 3487 videtur
1796 3419 2138 3503 omnibus,
2191 3421 2303 3509 qui
2354 3420 2753 3490 inermes

401 3539 618 3608 erant,
670 3528 941 3594 veniam
1007 3528 1172 3594 dare
1201 3531 1272 3612 ⁶).
1368 3529 1766 3616 Antequam
1819 3530 1988 3595 urbs
2041 3541 2239 3618 capta
2287 3540 2411 3611 est,
2463 3531 2752 3618 plerum-

404 3658 539 3723 que
612 3637 854 3703 consul
926 3638 1036 3704 vel
1107 3635 1402 3704 dictator
1474 3658 1861 3726 praecones
1933 3635 2207 3703 edicere
2256 3636 2468 3720 iussit,
2545 3650 2616 3705 ut
2665 3640 2751 3705 ab

620 3870 658 3937 ¹)
714 3888 799 3941 37,
839 3887 924 3941 45,
963 3874 1026 3939 8,
1067 3869 1135 3924 cf·
1174 3888 1259 3941 3ο,
1297 3889 1385 3942 42,
1427 3888 1509 3943 17·

618 3957 659 4026 ²)
716 3959 841 4014 Liv.
880 3977 965 4029 33,
1011 3977 1091 4030 12,
1133 3978 1185 4031 7.

617 4045 657 4112 ⁸)
718 4046 823 4117 frg.
862 4065 949 4117 29,
989 4065 1073 4117 31.

613 4133 656 4202 ⁴)
715 4133 820 4204 frg.
864 4139 946 4204 18,
985 4153 1070 4204 20,
1111 4155 1158 4208 7.

615 4222 657 4289 ⁵)
717 4241 850 4277 ann.
893 4241 975 4294 12,
1016 4242 1103 4279 20.

612 4312 653 4380 ⁶)
711 4313 836 4367 Liv-
874 4330 924 4382 2,
964 4331 1050 4383 3ο,
1094 4331 1183 4385 15,
1223 4335 1273 4387 4,
1315 4334 1401 4386 34,
1441 4335 1500 4387 3,
1540 4338 1589 4388 4,
1628 4334 1714 4388 59,
1757 4336 1816 4389 7,
1853 4335 1905 4389 5,
1943 4337 2030 4388 21,
2075 4337 2164 4389 Ι3,
2202 4323 2253 4389 6,
2293 4337 2343 4390 3,
2382 4323 2443 4389 8,
2481 4324 2530 4390 6,
2577 4338 2656 4389 Ιο,
2686 4337 2747 4391 5,

393 4421 444 4473 9,
484 4420 569 4474 24,
614 4419 850 4475 Ι3-15,
896 4421 975 4474 10,
1016 4421 1100 4474 43,
1141 4406 1202 4472 8,
1243 4423 1327 4471 21,
1368 4424 1453 4476 41,
1498 4425 1591 4476 12,
1629 4409 1716 4474 28,
1756 4425 1805 4477 3,
1851 4426 1944 4478 15,
1985 4409 2138 4464 Dion
2196 4410 2324 4464 Hal·
2365 4427 2416 4480 5,
2454 4428 2541 4480 39-
