3467 5350
1323 613 1766 685 ...79-

581 791 1021 882 Augustin.
1074 793 1139 866 d.
1190 792 1340 860 civ.
1377 793 1441 861 d.
1483 815 1537 876 1,
1594 815 1711 882 15:
1760 794 2117 859 Inclusum
2163 792 2406 880 quippe
2434 797 2723 879 angusto

369 903 569 988 ligrnO,
619 904 741 967 ubi
761 909 943 967 stare
977 908 1342 987 cogeretur,
1393 902 1729 988 clavisque
1774 902 2177 966 acutissimis
2223 901 2528 987 undique
2575 923 2723 965 con-

367 1012 548 1095 fixo,
613 1016 695 1074 ut
752 1033 824 1074 se
888 1012 960 1074 in
1021 1011 1284 1074 nullam
1334 1011 1478 1075 eius
1512 1016 1782 1096 partem
1828 1011 1978 1074 sine
2012 1010 2252 1097 poenis
2295 1008 2724 1073 atrocissimis

367 1117 746 1189 inclinaret,
798 1118 996 1181 ctiam
1042 1118 1385 1203 vigilando
1420 1123 1878 1203 peremerunt.

581 1220 773 1290 Haec
809 1222 1199 1290 testimonia
1251 1222 1364 1309 qui
1415 1221 1798 1304 contulerit,
1850 1222 2266 1291 assentietur
2295 1221 2720 1304 DrescherO,

368 1329 548 1416 qui1)
613 1330 1023 1398 Ciceronem
1089 1341 1156 1397 et
1204 1329 1378 1397 Livii
1450 1330 1977 1419 epitomatorem
2051 1353 2137 1399 ex
2210 1330 2460 1398 eodem
2530 1328 2719 1396 fonte

367 1435 683 1505 hausisse
745 1436 1018 1504 iudicat.
1116 1437 1382 1505 Contra
1450 1437 1625 1505 hanc
1692 1437 2158 1505 coniecturam
2221 1459 2449 1526 neque
2514 1436 2719 1526 peri·

367 1545 622 1612 ochae
671 1544 846 1612 Livii
909 1557 1255 1633 pugnant:
1320 1548 1644 1633 supplicio
1689 1570 1730 1610 a
1789 1547 2461 1633 Carthaginiensibus
2522 1547 2603 1610 a'e
2650 1569 2722 1610 eo

362 1660 630 1739 sumpto
656 1655 953 1742 periit2),
1005 1674 1230 1742 neque
1267 1651 1708 1742 Eutropius
1729 1658 1819 1738 ³):
1868 1655 2175 1719 omnibus
2217 1654 2563 1741 suppliciis
2608 1675 2721 1717 ex-

365 1763 617 1826 tinctus
662 1768 772 1826 est.
868 1758 1068 1829 Unus
1119 1759 1466 1850 discrepat
1501 1761 1656 1829 Flo
1679 1762 1941 1848 rus⁴):
1992 1785 2115 1827 nec
2145 1762 2380 1827 ultimo
2409 1761 2547 1825 sive
2580 1784 2721 1825 car-

366 1871 534 1944 ceris
577 1892 698 1933 seu
747 1870 964 1935 crucis
1005 1870 1329 1957 supplicio
1378 1871 1748 1956 deformata
1795 1871 2121 1935 maiestas.

580 1992 950 2062 Senecae
1015 1993 1194 2061 duae
1256 1993 1528 2061 fabulae
1575 1994 1664 2060 de
1709 1991 1964 2080 Reguli
2012 2004 2239 2060 morte
2285 2003 2493 2060 notae
2541 2001 2720 2059 sunt.

581 2100 668 2167 de
720 2099 992 2190 provid.
1042 2122 1107 2189 3,
1153 2101 1233 2168 8:
1259 2104 1568 2188 fingunt
1595 2107 1810 2167 cutem
1846 2102 2026 2167 clavi
2056 2107 2124 2167 et
2168 2124 2582 2188 quocumque
2600 2103 2722 2189 sa-

363 2208 654 2293 agratum
721 2217 956 2296 corpus
1021 2209 1390 2283 reclinavit,
1463 2209 1729 2274 volneri
1786 2210 2126 2283 incumbit,
2201 2210 2274 2273 in
2318 2214 2721 2296 perpetuam

360 2316 664 2400 vigiliam
709 2324 1038 2403 suspensa
1080 2321 1251 2382 sunt
1292 2318 1572 2382 lumina.

582 2421 670 2488 de
717 2432 941 2510 tranq.
991 2421 1196 2490 animi
1249 2444 1348 2512 15,
1400 2444 1475 2510 7:
1522 2425 1668 2510 Ego
1712 2425 2082 2490 Herculem
2109 2426 2353 2510 fleam,
2406 2425 2590 2510 quod
2626 2425 2720 2489 vi-

359 2553 490 2595 vus
535 2531 784 2604 uritur,
832 2537 959 2595 aut
1000 2532 1369 2617 Regulum,
1422 2532 1604 2617 quod
1643 2537 1741 2596 tot
1784 2532 1987 2596 clavis
2032 2532 2469 2617 transfigitur
2486 2532 2527 2595 ,P

581 2635 776 2726 epist.
805 2657 978 2704 mor.
1007 2659 1066 2726 7,
1116 2658 1178 2727 5,
1227 2658 1305 2725 9:
1356 2639 1493 2704 vita
1528 2643 1757 2705 autem
1793 2639 2071 2704 lzonesta
2103 2638 2471 2704 actionibus
2516 2640 2722 2706 variis

360 2750 661 2810 constat:
708 2745 782 2810 in
830 2746 955 2811 hac
1001 2753 1102 2812 est
1143 2747 1407 2833 Reguli
1442 2770 1617 2812 arca.

579 2851 678 2918 At
724 2851 920 2941 epist.
954 2875 1127 2920 mor.
1169 2854 1269 2937 16,
1319 2875 1380 2942 3,
1438 2876 1519 2922 12
1568 2865 2072 2923 commemorat
2119 2876 2395 2922 crucem
2443 2854 2717 2943 Reguli.

579 2974 1074 3066 Appianus
1122 2990 1356 3045 narrat
1403 2978 1490 3045 de
1535 2978 1815 3067 Regulo
1863 3001 2023 3047 arca
2069 2978 2359 3053 incluso.

580 3083 730 3151 Lib.
779 3107 854 3173 4:
905 3086 1081 3150 αὐτὸν
1129 3089 1181 3151 οἱ
1227 3086 1614 3176 Καρχηδόνιοι
1660 3085 2090 3177 καθείρξαντες
2137 3088 2198 3152 ἐν
2247 3090 2545 3177 γαλεάγρᾳ
2590 3092 2719 3153 κε’ν-

359 3215 476 3281 τρα
523 3194 815 3257 πάντοθεν
864 3195 1081 3282 ἐχούσῃ
1128 3196 1477 3283 διέφθειραν.

582 3298 730 3372 Lib.
782 3300 905 3389 63:
959 3303 1214 3366 ἔκτειναν
1260 3302 1323 3367 δὲ
1370 3303 1463 3367 καὶ
1502 3300 1749 3390 Ῥῆγλον
1798 3305 2169 3385 αἰκισάμενοι,
2219 3304 2548 3392 στρατηγὸν
2595 3306 2721 3368 ἕτε-

362 3431 467 3496 ρον
516 3409 707 3493 ἡμῶν,
757 3406 850 3471 ὑπ’
901 3410 1176 3497 εὐορκίας
1225 3410 1627 3474 ἐπανελθόντα
1673 3412 1827 3499 πρὸς
1872 3412 2114 3486 αὐτούς.

579 3511 717 3582 SiC.
768 3536 829 3596 2,
885 3537 955 3582 1:
1029 3520 1285 3581 ἔκτειναν
1350 3520 1402 3581 οἱ
1447 3517 1858 3607 Καρχηδόνιοι,
1927 3523 2140 3608 κέντρα
2202 3522 2441 3608 σιδήρεα
2503 3522 2719 3583 σανίσιν

356 3621 771 3710 ἐνηρμοσμένα
816 3626 1105 3689 πάντοθεν
1156 3626 1366 3689 ἑστῶτι
1412 3628 1780 3714 περιθέντες,
1832 3628 1927 3690 ἵνα
1975 3629 2279 3712 μηδαμόσε
2325 3630 2553 3692 δύναιτο
2603 3628 2720 3691 ἐπι-

356 3730 683 3794 κλίνεσθαι.

579 3834 767 3903 Idem
817 3836 1023 3905 tradit
1067 3837 1345 3907 Silius
1394 3837 1803 3907 Italicus:
1851 3840 1914 3921 6,
1962 3861 2098 3929 539
2143 3863 2335 3934 squ.:

577 3945 900 4026 Praefi'xo
935 3947 1219 4032 paribus
1265 3947 1449 4034 ligno
1495 3949 1927 4012 mucronibus
1971 3971 2200 4013 omnes

576 4051 977 4118 Armantur
1015 4054 1306 4120 laterum
1354 4061 1585 4128 crates,
1636 4056 2054 4140 densumque
2086 4064 2220 4141 per
2261 4062 2475 4121 artem

588 4159 877 4224 Texitur
921 4163 1129 4226 erecti
1161 4163 1535 4249 stantisque
1581 4184 1668 4227 ex
1710 4163 1947 4228 ordine
1967 4164 2166 4248 ferri

578 4267 839 4351 Infelix
881 4269 1217 4343 stimulus,
1265 4270 1649 4356 somnisque
1696 4270 1823 4335 hac
1843 4271 2111 4357 fraude
2155 4271 2418 4356 negatis

586 4462 625 4531 ¹)
665 4480 721 4534 p.
759 4480 847 4534 42.
872 4463 988 4534 —²)
1027 4464 1155 4521 Liv.
1195 4484 1320 4538 per.
1363 4469 1445 4521 18.
1469 4498 1526 4506 —-
1550 4464 1592 4536 ⁸)
1630 4466 1870 4538 Eutrop.
1909 4483 1959 4536 2,
1998 4483 2085 4537 25.
2108 4465 2229 4534 —⁴)
2269 4465 2419 4521 Flor.
2444 4467 2603 4536 1,18,
2631 4482 2717 4538 25.
